symbol_x,date,calendarYear_x,period_x,revenuePerShare,netIncomePerShare,operatingCashFlowPerShare,freeCashFlowPerShare,cashPerShare,bookValuePerShare,tangibleBookValuePerShare,shareholdersEquityPerShare,interestDebtPerShare,marketCap,enterpriseValue,peRatio,priceToSalesRatio,pocfratio,pfcfRatio,pbRatio,ptbRatio,evToSales,enterpriseValueOverEBITDA,evToOperatingCashFlow,evToFreeCashFlow,earningsYield,freeCashFlowYield,debtToEquity,debtToAssets,netDebtToEBITDA,currentRatio,interestCoverage,incomeQuality,dividendYield,payoutRatio,salesGeneralAndAdministrativeToRevenue,researchAndDdevelopementToRevenue,intangiblesToTotalAssets,capexToOperatingCashFlow,capexToRevenue,capexToDepreciation,stockBasedCompensationToRevenue,grahamNumber,roic,returnOnTangibleAssets,grahamNetNet,workingCapital,tangibleAssetValue,netCurrentAssetValue,investedCapital,averageReceivables,averagePayables,averageInventory,daysSalesOutstanding,daysPayablesOutstanding,daysOfInventoryOnHand,receivablesTurnover,payablesTurnover,inventoryTurnover,roe,capexPerShare,symbol_y,reportedCurrency,cik,fillingDate,acceptedDate,calendarYear_y,period_y,revenue,costOfRevenue,grossProfit,grossProfitRatio,researchAndDevelopmentExpenses,generalAndAdministrativeExpenses,sellingAndMarketingExpenses,sellingGeneralAndAdministrativeExpenses,otherExpenses,operatingExpenses,costAndExpenses,interestIncome,interestExpense,depreciationAndAmortization,ebitda,ebitdaratio,operatingIncome,operatingIncomeRatio,totalOtherIncomeExpensesNet,incomeBeforeTax,incomeBeforeTaxRatio,incomeTaxExpense,netIncome,netIncomeRatio,eps,epsdiluted,weightedAverageShsOut,weightedAverageShsOutDil,link,finalLink
360ONE.NS,2024-04-01,2023,Q4,17.856094556185067,6.767213801990592,0.0,0.0,17.822023902345396,96.33980054944291,78.27202111120482,96.33980054944291,414.46643201537125,249509740552.8,338593940552.8,25.74176095171674,39.02309084483648,0.0,0.0,7.232732432764303,7.232732432764303,52.95577668602887,77.5950913357778,0.0,0.0,0.009711845295623698,0.0,4.242827699559096,0.968103394107356,20.415299294160786,13.282364384846538,2.0520578746700555,0.0,0.0,0.0,0.0,0.0,0.042792275867542834,0.0,0.0,0.0,0.0,121.11531954745546,0.017440389964641537,0.016744196331091744,-301.18520829489387,70710800000.0,28027600000.0,-40223300000.0,4.242827699559096,1640850000.0,803150000.0,0.0,46.19293389011402,35.04654545454545,0.0,1.9483499405795777,2.568013447052232,0.0,0.07024317845164695,0.0,360ONE.NS,INR,0000000000,2024-03-31,2024-03-30 20:00:00,2023,Q4,6393900000,4125000000,2268900000,0.3548538451,0,0,0,0,3230300000,1050100000,5175100000,581400000,2045800000,165500000,4363600000,0.6824629725,4198100000,0.6565789268,-969200000,3228900000,0.5049969502,802800000,2423200000,0.3789862212,6.76,6.52,358079421,368312165,https://www.nseindia.com/companies-listing/corporate-filings-annual-reports,https://www.nseindia.com/companies-listing/corporate-filings-annual-reports
360ONE.NS,2024-01-01,2023,Q3,9.646102756442568,5.3600000015624385,0.7739649161591903,0.7739649161591903,28.432468906315226,91.21960546097704,0.0,91.21960546097704,4.678386342522459,251911405710.15,262102005711.15,32.7821828262649,72.86362355310503,908.1160984504326,908.1160984504326,7.70503222907134,7.70503222907134,75.81118378825963,75.37298145486571,944.8522195787671,944.8522195787671,0.007626093763338462,0.0011011807870231062,0.0,0.0,2.9305228046816585,0.0,1.9911140267175573,0.14439643953984696,0.0,0.0,0.0,0.0,0.0,0.0,0.0,0.0,0.0,104.88605446769672,0.08347005445913372,0.0,28.432468906315226,10190600000.0,0.0,10190600000.0,0.0,2083500000.0,295500000.0,0.0,0.0,0.0,0.0,0.0,0.0,0.0,0.058759298228442794,0.0,360ONE.NS,INR,0000000000,2023-12-31,2023-12-30 19:00:00,2023,Q3,3457300000,1914600000,1542700000,0.4462152547,0,0,0,0,243800000,758500000,2673100000,2028700000,1676800000,138700000,3477400000,1.0058137853,3338700000,0.9656957742,-988400000,2350300000,0.6798079426,429200000,1921100000,0.5556648252,5.36,5.21,358414179,368733205,https://www.nseindia.com/companies-listing/corporate-filings-annual-reports,https://www.nseindia.com/companies-listing/corporate-filings-annual-reports
360ONE.NS,2023-10-01,2023,Q2,9.079269455601912,5.210000012743523,0.7646113339850454,0.7646113339850454,28.541568718344337,91.45087647355203,73.95332025399829,91.45087647355203,279.4878487644714,179271865204.5,250276465204.5,24.093090152201377,55.301806214177745,656.6734989175825,656.6734989175824,5.4903793092153625,5.4903793092153625,77.20531363312459,71.69807351090039,916.7636088076923,916.7636088076923,0.010376419065412312,0.0015228267954292879,3.013303932377802,0.7843860065913987,20.341077720800985,12.793869152933224,2.3973983274962474,0.14675841307386303,0.0,0.0,0.0,0.0,0.05014341952323173,0.0,0.0,0.0,0.0,103.53902173013698,0.020986140267814778,0.01561272518515037,-222.45414499095062,59326700000.0,26404600000.0,-28384800000.0,3.013303932377802,2083500000.0,295500000.0,0.0,115.68929882469075,29.630661244498913,0.0,0.7779457643388529,3.0373942470389172,0.0,0.056970476540487563,0.0,360ONE.NS,INR,0000000000,2023-09-30,2023-09-29 20:00:00,2023,Q2,3241700000,1795100000,1446600000,0.4462473394,0,0,0,0,624700000,697600000,2492700000,1811300000,1399100000,136500000,3490700000,1.0768115495,3354200000,1.0347040133,-1086700000,2267500000,0.6994786686,408400000,1860200000,0.5738347164,5.21,5.08,357044145,366181102,https://www.nseindia.com/companies-listing/corporate-filings-annual-reports,https://www.nseindia.com/companies-listing/corporate-filings-annual-reports
360ONE.NS,2023-07-01,2023,Q1,7.923141619510157,5.150000014152972,0.7045657398552769,0.7045657398552769,20.33431655566407,87.62062496870057,0.0,87.62062496870057,3.099921101248695,162351067515.0,169606667515.0,22.087378580077274,57.426715544197236,645.7878580548927,645.7878580548926,5.1928412992093245,5.1928412992093245,59.99316172579675,63.304966973350254,674.6486376889419,674.6486376889419,0.01131868134978675,0.0015484961315500594,0.0,0.0,2.7081218274111674,0.0,2.308561612874062,0.1368088811493252,0.0,0.0,0.0,0.0,0.0,0.0,0.0,0.0,0.0,100.76229426799617,0.06697538672558208,0.0,20.33431655566407,7255600000.0,0.0,7255600000.0,0.0,2334000000.0,677850000.0,24870550000.0,0.0,0.0,0.0,0.0,0.0,0.0,0.05877611596576297,0.0,360ONE.NS,INR,0000000000,2023-06-30,2023-06-29 20:00:00,2023,Q1,2827100000,1677400000,1149700000,0.4066711471,0,0,0,0,78900000,675000000,2352400000,1600900000,1106100000,125700000,2679200000,0.9476849068,2553500000,0.9032223834,-314800000,2238700000,0.7918715291,402900000,1837600000,0.6499946942,5.15,5.05,356815533,363881188,https://www.nseindia.com/companies-listing/corporate-filings-annual-reports,https://www.nseindia.com/companies-listing/corporate-filings-annual-reports
360ONE.NS,2023-04-01,2022,Q4,6.517742407474596,4.365474847007308,0.7003856074902686,0.7003856074902686,20.375773110290268,87.67316949896728,70.92597795819655,87.67316949896728,308.1427077855662,153367771769.19998,214884871769.19998,24.665128943261497,66.08116324236286,614.9469597802727,614.9469597802726,4.912563358452249,4.912563358452249,92.58687223456417,75.93373326591045,861.6073447040898,861.6073447040898,0.010135767000249148,0.0016261565068267207,3.476676436201733,0.9697955514891807,21.73825930244885,10.840535193669304,2.280367529292759,0.16044776119402984,0.0,0.0,0.0,0.0,0.05368448703813239,0.0,0.0,0.0,0.03429703994140204,92.79837210110895,0.015034639237187473,0.014677251534761812,-126.45428443849109,56705100000.0,25256000000.0,-18188700000.0,3.476676436201733,2334000000.0,677850000.0,24870550000.0,181.01598517816365,79.0034965034965,2898.665501165501,0.4971936589545844,1.1391900863022792,0.03104877053382414,0.04979259757523343,0.0,360ONE.NS,INR,0000000000,2023-03-31,2023-03-30 20:00:00,2022,Q4,2320900000,1544400000,776500000,0.3345684864,0,0,368300000,368300000,640700000,640700000,2185100000,1362000000,1186300000,124700000,2829900000,1.219311474,2705200000,1.1655823172,-704400000,2000800000,0.8620793658,446700000,1554500000,0.6697832737,4.37,4.26,356089556,364906103,https://www.nseindia.com/companies-listing/corporate-filings-annual-reports,https://www.nseindia.com/companies-listing/corporate-filings-annual-reports
360ONE.NS,2023-01-01,2022,Q3,9.361130058766665,4.8250000008438265,0.6593097820903538,0.6593097820903538,13.723431855029165,85.45487351383727,0.0,85.45487351383727,2.990521161768192,157898570335.08,162777570335.08,23.011917094421126,47.444058272011056,673.6287130336177,673.6287130336177,5.197246005262465,5.197246005262465,48.91005989455845,57.67345887722505,694.44355945,694.44355945,0.010863936236786135,0.0014844972915370586,0.0,0.0,1.7286706349206349,0.0,2.5443942814145974,0.136644514398974,0.0,0.0,0.0,0.0,0.0,0.0,0.0,0.0,0.01802830443796761,96.3181951007618,0.068413699407347,0.0,13.723431855029165,4879000000.0,0.0,4879000000.0,0.0,2090850000.0,571150000.0,0.0,0.0,0.0,0.0,0.0,0.0,0.0,0.05646254920806288,0.0,360ONE.NS,INR,0000000000,2022-12-31,2022-12-30 19:00:00,2022,Q3,3328100000,1477200000,1850900000,0.5561431447,0,0,0,0,573500000,573500000,2050700000,1298200000,1063200000,117200000,2822400000,0.8480514408,2705200000,0.8128361528,-472700000,2232500000,0.670803161,517200000,1715400000,0.5154292239,4.83,4.72,355523316,363817603,https://www.nseindia.com/companies-listing/corporate-filings-annual-reports,https://www.nseindia.com/companies-listing/corporate-filings-annual-reports
360ONE.NS,2022-10-01,2022,Q2,9.405502235975993,4.90749999966227,0.6540706543106678,0.6540706543106678,13.731543555859503,85.50538452127049,70.97032473561023,85.50538452127049,165.10949818213388,163472541223.68,216629241223.68,23.43759551867867,48.91604812342679,703.4102462292599,703.4102462292599,5.3807137711374144,5.3807137711374144,64.82217936613304,75.53320823698745,932.1395921845094,932.1395921845094,0.010666623195231852,0.0014216454840694397,1.8986116414098193,0.5980363391306601,18.534414225941422,8.233294827782569,2.797966446365023,0.13327980730630268,0.0,0.0,0.0,0.0,0.05354449081153936,0.0,0.0,0.0,0.0,97.16685482436017,0.02416065006678838,0.019101086670756287,-163.3938995629367,44458000000.0,25216700000.0,-15467000000.0,1.8986116414098193,2090850000.0,571150000.0,0.0,112.61647565756006,70.4350506988216,0.0,0.7991725853121936,1.2777729142957193,0.0,0.057394046318117786,0.0,360ONE.NS,INR,0000000000,2022-09-30,2022-09-29 20:00:00,2022,Q2,3341900000,1459600000,1882300000,0.5632424669,0,0,0,0,539900000,539900000,1999500000,1224100000,983500000,116200000,2868000000,0.8581944403,2751800000,0.8234238008,-496600000,2255200000,0.674825698,511500000,1743700000,0.5217690535,4.91,4.81,355313296,362515593,https://www.nseindia.com/companies-listing/corporate-filings-annual-reports,https://www.nseindia.com/companies-listing/corporate-filings-annual-reports
360ONE.NS,2022-07-01,2022,Q1,8.581164908007127,4.410000004252842,0.0,0.0,28.78964772861947,84.4251099294175,0.0,84.4251099294175,2.1635981627711285,131463289669.14,141685246669.14,20.98979589812556,43.14798794444663,0.0,0.0,4.385662041891932,4.385662041891932,46.50296923629382,54.9657627610428,0.0,0.0,0.01191054935519052,0.0,0.0,0.0,3.9655340031811304,0.0,3.2188232231189793,0.0,0.0,0.0,0.0,0.0,0.0,0.0,0.0,0.0,0.0,91.52639805446843,0.06411987560864199,0.0,28.78964772861947,10221957000.0,0.0,10221957000.0,0.0,0.0,881280000.0,0.0,0.0,0.0,0.0,0.0,0.0,0.0,0.05223564420513949,0.0,360ONE.NS,INR,0000000000,2022-06-30,2022-06-29 20:00:00,2022,Q1,3046800000,1425800000,1621000000,0.532033609,0,0,0,0,477600000,477600000,1903400000,1201400000,768200000,105000000,2577700000,0.8460351845,2472700000,0.8115727977,-458300000,2014400000,0.6611526848,448600000,1565800000,0.51391624,4.41,4.35,355056689,359540758,https://www.nseindia.com/companies-listing/corporate-filings-annual-reports,https://www.nseindia.com/companies-listing/corporate-filings-annual-reports
360ONE.NS,2022-04-01,2021,Q4,7.504894914671867,4.67162478539706,,,122.71999172671231,84.63388316186791,69.82896042694483,84.63388316186791,160.03098213877982,147774872707.66,198676632707.66,22.327884792043395,55.59438269872728,0.0,0.0,4.929822246274816,4.929822246274816,74.74413308340199,307.3924157939068,0.0,0.0,0.011196761463454353,,1.861088815273705,0.5194597780103768,78.75518505281366,1.5128891434027383,0.607232976420443,0.0,,,0.0,0.0,0.048825500527910445,0.0,,0.0,,94.3186052214836,0.004882095254648997,0.016197512145931497,-95.86724061150659,28104930000.0,24732080000.0,5482800000.0,1.861088815273705,,,,0.0,85.33829125875141,0.0,0.0,1.0546262254901961,0.0,0.05519804374876984,,360ONE.NS,INR,0000000000,2022-03-31,2022-03-30 20:00:00,2021,Q4,2658090000,1858842000,799248000,0.3006850784,0,0,0,0,1013688000,1013688000,2872530000,1313115000,892468000,104393000,646329000,0.2431554236,541936000,0.2038817346,1599643000,2141579000,0.8056834042,486979000,1654600000,0.6224770418,4.67,4.57,354180842,360042735,https://www.nseindia.com/companies-listing/corporate-filings-annual-reports,https://www.nseindia.com/companies-listing/corporate-filings-annual-reports
360ONE.NS,2022-01-01,2021,Q3,8.498112823225979,4.319875713255472,,,,,,,,125647998689.98001,,20.539364067290418,41.76338998818707,0.0,0.0,0.0,0.0,,,0.0,0.0,0.01217174977671937,,0.0,0.0,,0.0,2.1578260915296665,0.0,,,0.0,0.0,0.0,0.0,,0.0,,,0.0,0.0,,,,,0.0,,,,,,,0.0,0.0,0.0,0.0,,360ONE.NS,INR,0000000000,2021-12-31,,2021,Q3,3008568000,2188516000,820052000,0.2725722005,0,0,0,0,534391000,534391000,2722907000,1403450000,950730000,104616000,2156126000,0.7166618803,2051510000,0.6818891911,-72773000,1978737000,0.6577006071,449381000,1529356000,0.5083335328,4.32,4.23,354027778,361560284,https://www.nseindia.com/companies-listing/corporate-filings-annual-reports,https://www.nseindia.com/companies-listing/corporate-filings-annual-reports
360ONE.NS,2021-10-01,2021,Q2,7.696263341074718,4.037712528305537,,,20.21012166734774,80.15971112220252,65.15331713396975,80.15971112220252,117.96984729371927,138686414913.0,175741626913.0,24.333084465830336,51.06374127072436,0.0,0.0,4.902712279001058,4.902712279001058,64.70731089855583,84.01197540232062,0.0,0.0,0.010274077680166761,,1.4407924831760752,0.4846066583721182,17.7139680208656,9.891621934765606,2.273422293017683,0.0,,,0.0,0.0,0.06296629561960543,0.0,,0.0,,85.33693263721207,0.021770487107586518,0.01808056436815421,-137.95439830211222,38256070000.0,22992061000.0,-13256382000.0,1.4407924831760752,,,,0.0,50.247843563081084,0.0,0.0,1.791121640613574,0.0,0.05037084679796429,,360ONE.NS,INR,0000000000,2021-09-30,,2021,Q2,2715947000,1849231000,866716000,0.3191211021,0,0,0,0,417155000,417155000,2266386000,1337743000,873879000,105168000,2091864000,0.7702153245,1986696000,0.7314929194,-103430000,1883266000,0.6934104384,458391000,1424875000,0.5246328445,4.04,3.95,352891641,360708861,https://www.nseindia.com/companies-listing/corporate-filings-annual-reports,https://www.nseindia.com/companies-listing/corporate-filings-annual-reports
360ONE.NS,2021-07-01,2021,Q1,7.2096629422406435,3.322355000282893,,,,,,,,102383077178.99998,,21.9038904613756,40.37498040227856,0.0,0.0,0.0,0.0,,,0.0,0.0,0.011413497544686844,,0.0,0.0,,0.0,2.4665651190403968,0.0,,,0.0,0.0,0.0,0.0,,0.0,,,0.0,0.0,,,,,0.0,,,,,,,0.0,0.0,0.0,0.0,,360ONE.NS,INR,0000000000,2021-06-30,,2021,Q1,2535805000,1422545000,1113260000,0.439016407,0,0,0,0,404957000,404957000,1827502000,1112777000,923048000,103253000,2380011000,0.9385623106,2276758000,0.8978442743,-767340000,1509418000,0.595242142,340869000,1168549000,0.4608197397,3.32,3.28,351723100,356280488,https://www.nseindia.com/companies-listing/corporate-filings-annual-reports,https://www.nseindia.com/companies-listing/corporate-filings-annual-reports
360ONE.NS,2021-04-01,2020,Q4,6.730110667584106,2.95374934832138,,,66.55583277673206,80.85405478080826,65.84241136653951,80.85405478080826,137.98102758822697,108366068631.35,151886918631.35,26.225143323018273,46.0393618031286,0.0,0.0,3.8322134967750174,3.8322134967750174,64.52921000409981,90.87863613544656,0.0,0.0,0.009532836367020752,,1.6758212398687728,0.5422030011811269,26.039869180932868,2.5073068070813456,1.799545798288859,0.0,,,0.0,0.0,0.06007041909464335,0.0,,0.0,,73.30422062476318,0.01583218935825879,0.012575079617078433,-102.49087292520743,37866230000.0,23027540000.0,3866090000.0,1.6758212398687728,,,,0.0,81.47107468504639,0.0,0.0,1.1046865448617809,0.0,0.036531864188244646,,360ONE.NS,INR,0000000000,2021-03-31,,2020,Q4,2353770000,975858000,1377912000,0.5854063906,0,0,0,0,984086000,984086000,1959944000,1452734000,868777000,107912000,1671316000,0.7100591817,1563404000,0.6642127311,-215233000,1348171000,0.5727709164,315135000,1033036000,0.4388857025,2.95,2.91,349737191,353353251,https://www.nseindia.com/companies-listing/corporate-filings-annual-reports,https://www.nseindia.com/companies-listing/corporate-filings-annual-reports
360ONE.NS,2021-01-01,2020,Q3,7.027518719633097,2.757499998442373,,,,,,,,88508479469.76001,,22.933816876055243,35.99563517252459,0.0,0.0,0.0,0.0,,,0.0,0.0,0.01090093294766909,,0.0,0.0,,0.0,1.9291762400550891,0.0,,,0.0,0.0,0.0,0.0,,0.0,,,0.0,0.0,,,,,0.0,,,,,,,0.0,0.0,0.0,0.0,,360ONE.NS,INR,0000000000,2020-12-31,,2020,Q3,2458867000,1759851000,699016000,0.2842837779,0,0,0,0,474603000,474603000,2234454000,1668281000,1044127000,109060000,2123365000,0.8635542305,2014305000,0.8192004692,-734981000,1279324000,0.520290036,314499000,964825000,0.3923860054,2.76,2.73,349891206,353092406,https://www.nseindia.com/companies-listing/corporate-filings-annual-reports,https://www.nseindia.com/companies-listing/corporate-filings-annual-reports
360ONE.NS,2020-10-01,2020,Q2,4.808492558793131,2.497499999190282,,,25.344397652870228,81.59752934480453,66.32038881988706,81.59752934480453,208.5574657897647,83886363110.28,150781446110.28,24.06806807587121,50.00319685642756,0.0,0.0,2.9466578452881707,2.9466578452881707,89.87818821323064,81.82974177601074,0.0,0.0,0.010387206784188497,,2.517777593245092,0.6265491707432458,36.3042503516724,9.197637150502233,1.5965562928541372,0.0,,,0.0,0.0,0.04659108878427104,0.0,,0.0,,67.71463034775434,0.013370651706291764,0.007988901675442788,-220.3687179564304,36800472000.0,23138314000.0,-44641494000.0,2.517777593245092,,,,0.0,56.46959161101884,27.977552364802122,0.0,1.5937781278807481,3.216864678742477,0.030607544361259544,,360ONE.NS,INR,0000000000,2020-09-30,,2020,Q2,1677620000,1319159000,358461000,0.2136723453,0,0,0,0,397057000,397057000,1716216000,1677657000,1086097000,108609000,1842624000,1.0983560043,1734015000,1.0336160752,-605622000,1128393000,0.6726153718,257048000,871345000,0.5193935456,2.5,2.47,348886887,353128673,https://www.nseindia.com/companies-listing/corporate-filings-annual-reports,https://www.nseindia.com/companies-listing/corporate-filings-annual-reports
360ONE.NS,2020-07-01,2020,Q1,3.939595389288485,2.360000000803195,,,,,,,,89048332240.88,,27.059322024689017,64.83914584084586,0.0,0.0,0.0,0.0,,,0.0,0.0,0.009238960228637625,,0.0,0.0,,0.0,1.5793807180029327,0.0,,,0.0,0.0,0.0,0.0,,0.0,,,0.0,0.0,,,,,0.0,,,,,,,0.0,0.0,0.0,0.0,,360ONE.NS,INR,0000000000,2020-06-30,,2020,Q1,1373373000,1134523000,238850000,0.1739148796,0,0,0,0,351343000,351343000,1485866000,1673008000,1063199000,104119000,1783315000,1.2984928348,1679196000,1.2226802187,-585844000,1093352000,0.7961071027,270638000,822714000,0.5990462897,2.36,2.34,348607627,352340043,https://www.nseindia.com/companies-listing/corporate-filings-annual-reports,https://www.nseindia.com/companies-listing/corporate-filings-annual-reports
360ONE.NS,2020-04-01,2019,Q4,6.503093032457826,-0.08563333354240671,,,193.23400427641525,86.50672819103445,78.53880575012175,86.50672819103445,257.6548567418064,86954326568.55,166327996568.55,-734.0891379508155,38.666216021357634,0.0,0.0,2.9067103248283552,2.9067103248283552,73.96152094455154,36.35664092516776,0.0,0.0,-0.00034055809720583304,,2.966294869167773,0.6815013107507675,17.349815296509213,2.2714997975487714,12.317665002009702,0.0,,,0.0,0.0,0.021161555427316115,0.0,,0.0,,12.9103384521482,-0.007881184507833372,-0.00023234552941403544,-96.78747068284427,59570770000.0,27159630000.0,6128770000.0,2.966294869167773,,,,0.0,46.67065417545935,0.0,0.0,1.928406652746778,0.0,-0.0009899037373520935,,360ONE.NS,INR,0000000000,2020-03-31,,2019,Q4,2248845000,1339182000,909663000,0.4045023112,0,0,0,0,-1636770000,-1636770000,-297588000,2156444000,363238000,100656000,4574900000,2.0343331799,4474244000,1.9895742036,-4332555000,141689000,0.0630052316,171302000,-29613000,-0.013168093,-0.0856,-0.0839,345811599,352809563,https://www.nseindia.com/companies-listing/corporate-filings-annual-reports,https://www.nseindia.com/companies-listing/corporate-filings-annual-reports
360ONE.NS,2020-01-01,2019,Q3,4.971081265359932,2.1350000028358913,,,,,,,,98455150791.93999,,33.19203742663746,57.02179965860526,0.0,0.0,0.0,0.0,,,0.0,0.0,0.0075319269132713305,,0.0,0.0,,0.0,0.9117747129521363,0.0,,,0.0,0.0,0.0,0.0,,0.0,,,0.0,0.0,,,,,0.0,,,,,,,0.0,0.0,0.0,0.0,,360ONE.NS,INR,0000000000,2019-12-31,,2019,Q3,1726623000,1358421000,368202000,0.2132497945,0,0,0,0,552176000,552176000,1910597000,1976899000,2086760000,103859000,2006514000,1.1621031343,1902655000,1.1019516131,-902766000,999889000,0.5791009387,258332000,741557000,0.4294840275,2.13,2.1,347333489,353122381,https://www.nseindia.com/companies-listing/corporate-filings-annual-reports,https://www.nseindia.com/companies-listing/corporate-filings-annual-reports
3MINDIA.NS,2024-04-01,2023,Q4,971.6284940972404,153.44174514672346,,,1491.2991219761618,1905.8056452378903,1905.4921096806322,1905.8056452378903,16.797587587116634,343958635324.0,330561979324.0,49.747218351178915,31.424767990536353,0.0,0.0,16.021150990025912,16.021150990025912,30.200821959198986,154.19736048874896,0.0,0.0,0.005025406611384443,,0.00846698551970247,0.005596228042921676,-6.249142744123756,2.518647369058405,270.3791621911923,0.0,,,0.0,0.0,0.00010873635669662643,0.0,,0.0,,2565.088349863418,0.06965538969142794,0.05322047332923136,1218.0854180222582,16089794000.0,21465502000.0,15671411000.0,0.00846698551970247,3517642000.0,4119611500.0,2658967500.0,57.84822076507864,97.94413751829526,63.21719377583973,1.5557954732175703,0.9188911381570811,1.4236633204429916,0.08051279810726462,,3MINDIA.NS,INR,0000000000,2024-03-31,2024-03-29 20:00:00,2023,Q4,10945463000,7570949000,3374514000,0.3083025359,0,0,0,1360730000,301800000,1360730000,8931679000,0,7448000,129975000,2143759000,0.1958582291,2013784000,0.1839834459,294352000,2308136000,0.2108760497,579604000,1728532000,0.1579222368,153.44,153.44,11265070,11265070,https://www.nseindia.com/companies-listing/corporate-filings-annual-reports,https://www.nseindia.com/companies-listing/corporate-filings-annual-reports
3MINDIA.NS,2024-01-01,2023,Q3,892.7102095237757,120.04976444886717,23.303539170196014,23.303539170196014,892.0558860264517,1633.6794178820016,0.0,1633.6794178820016,0.6811320302492572,412976902946.49994,423025974946.49994,76.34323600779446,41.06590202385674,1573.1494573530754,1573.1494573530754,22.44011254517004,22.44011254517004,42.065169060919445,216.80386909463544,1611.4293031529505,1611.4293031529505,0.00327468434760187,0.0006356675110084988,0.0,0.0,5.150222018130456,0.0,237.1867587644989,0.19411565926163643,0.0,0.0,0.0,0.0,0.0,0.0,0.0,0.0,0.0,2100.6579110574326,0.07379541318912576,0.0,892.0558860264517,10049072000.0,0.0,10049072000.0,0.0,3296242000.0,3909688500.0,2886962000.0,0.0,0.0,0.0,0.0,0.0,0.0,0.0734842853100927,0.0,3MINDIA.NS,INR,0000000000,2023-12-31,2023-12-30 19:00:00,2023,Q3,10056443000,5956002000,4100441000,0.407742678,0,0,0,1356484000,165388000,2445895000,8401897000,0,7673000,131258000,1951192000,0.1940240699,1819934000,0.1809719401,-7673000,1812261000,0.1802089466,459892000,1352369000,0.1344778666,120.05,120.05,11265070,11265070,https://www.nseindia.com/companies-listing/corporate-filings-annual-reports,https://www.nseindia.com/companies-listing/corporate-filings-annual-reports
3MINDIA.NS,2023-10-01,2023,Q2,922.7781984488335,129.7061625005437,22.87921868217419,22.87921868217419,903.306415317437,1633.6794178820016,1633.4812832942894,1633.6794178820016,21.795869888069937,358295126659.5,348506997659.5,61.30366010918462,34.467491812729016,1390.163293678415,1390.1632936784151,19.468844163584418,19.468844163584418,33.525887445081416,166.31535031680409,1352.1859486431854,1352.1859486431854,0.004078059932388026,0.0007193399541962937,0.012936334492224392,0.008214617819834897,-4.6711145386285295,2.334125105247098,263.688790560472,0.1763926882200241,0.0,0.0,0.0,0.0,7.701398293753828e-05,0.0,0.0,0.0,0.0,2183.5089835207737,0.07867952881372337,0.05042005874631869,659.4631014276875,13295668000.0,18401281000.0,12683264000.0,0.012936334492224392,3296242000.0,3909688500.0,2886962000.0,57.07689953046422,113.09469116486206,83.51050877702724,1.5768200575079137,0.7957933221534145,1.0777086778419667,0.07939511331342011,0.0,3MINDIA.NS,INR,0000000000,2023-09-30,2023-09-29 20:00:00,2023,Q2,10395161000,6222608000,4172553000,0.4013937831,0,0,0,1299302000,174398000,2380360000,8602968000,0,7458000,128868000,2095459000,0.2015802353,1966591000,0.1891833133,-7458000,1959133000,0.1884658641,497984000,1461149000,0.1405604973,129.71,129.71,11265070,11265070,https://www.nseindia.com/companies-listing/corporate-filings-annual-reports,https://www.nseindia.com/companies-listing/corporate-filings-annual-reports
3MINDIA.NS,2023-07-01,2023,Q1,931.7791189934904,114.701284590331,24.723326175514224,24.723326175514224,708.5667465892355,1489.0901698791042,0.0,1489.0901698791042,0.8509489954345602,304299956389.0,312282010389.0,58.87619327124148,28.99045433555022,1092.599750059244,1092.599750059244,18.140405830624147,18.140405830624147,29.75089930812551,165.97917162373975,1121.259597102438,1121.259597102438,0.004246198439635097,0.0009152482415868915,0.0,0.0,4.2424944976037136,0.0,181.74400166910078,0.21554532945133495,0.0,0.0,0.0,0.0,0.0,0.0,0.0,0.0,0.0,1960.360297371192,0.07745393343991804,0.0,708.5667465892355,7982054000.0,0.0,7982054000.0,0.0,3177096000.0,3822218000.0,3053705000.0,0.0,0.0,0.0,0.0,0.0,0.0,0.07702776293234367,0.0,3MINDIA.NS,INR,0000000000,2023-06-30,2023-06-29 20:00:00,2023,Q1,10496557000,6375038000,4121519000,0.3926543723,0,0,0,1305959000,151690000,2531011000,8906049000,9586000,9586000,139255000,1881453000,0.1792447752,1742198000,0.165978044,-9586000,1732612000,0.1650647922,440494000,1292118000,0.123099222,114.7,114.7,11265070,11265070,https://www.nseindia.com/companies-listing/corporate-filings-annual-reports,https://www.nseindia.com/companies-listing/corporate-filings-annual-reports
3MINDIA.NS,2023-04-01,2022,Q4,928.5689303306593,120.47799081585822,6.272309004737654,6.272309004737654,719.573069674667,1489.0901698791042,1488.8144503318665,1489.0901698791042,28.877583539205705,258689377719.49997,250974797719.49997,47.65154582279381,24.730366534902984,3661.1477499999996,3661.1477499999996,15.421396544350555,15.421396544350555,23.992862765924492,122.90088821678367,3551.965774852104,3551.965774852104,0.005246419516581855,0.00027313838945724057,0.015945079213017455,0.009853800696700115,-3.7777846334957648,2.17010079030559,32.86926375488467,0.052061865924743204,0.0,0.0,0.0,0.03750202908226975,0.00011442571974827667,0.0,0.0,0.0,0.006754812486030641,2009.1187908484376,0.08213616743335414,0.0500050090009112,493.1924968065001,11470993000.0,16771599000.0,10904874000.0,0.015945079213017455,3177096000.0,3822218000.0,3053705000.0,54.67072081606104,108.2386608471541,86.47569024641156,1.646219377695858,0.831495874908234,1.0407549190245946,0.08090711580322874,0.0,3MINDIA.NS,INR,0000000000,2023-03-31,2023-03-30 20:00:00,2022,Q4,10460394000,6356317000,4104077000,0.3923443993,392286000,0,0,1186976000,2302109000,2302109000,8658426000,393960000,57834000,141130000,2042091000,0.1952212316,1900961000,0.181729388,-57834000,1843127000,0.1762005332,485934000,1357193000,0.1297458776,120.48,120.48,11265070,11265070,https://www.nseindia.com/companies-listing/corporate-filings-annual-reports,https://www.nseindia.com/companies-listing/corporate-filings-annual-reports
3MINDIA.NS,2023-01-01,2022,Q3,881.5161379378912,110.79105589224035,26.06517314140081,26.06517314140081,1260.8695729365197,2108.022586632839,0.0,2108.022586632839,0.5064327163524062,247190557516.99997,261394341516.99997,49.514601660044434,24.892454097699158,841.855140610845,841.855140610845,10.409328694646428,10.409328694646428,26.322796117172608,143.157295438912,890.2288677331026,890.2288677331026,0.0050490156765562,0.0011878528166667796,0.0,0.0,7.77895684595854,0.0,294.3226993865031,0.23526423619206951,0.0,0.0,0.0,0.0,0.0,0.0,0.0,0.0,0.0,2292.3516494855758,0.05273604138371997,0.0,1260.8695729365197,14203784000.0,0.0,14203784000.0,0.0,2904092500.0,3118479500.0,2955806500.0,0.0,0.0,0.0,0.0,0.0,0.0,0.0525568637616961,0.0,3MINDIA.NS,INR,0000000000,2022-12-31,2022-12-30 19:00:00,2022,Q3,9930341000,6048158000,3882183000,0.3909415598,0,0,0,1203788000,2322927000,2322927000,8371085000,5705000,5705000,146813000,1825924000,0.1838732426,1679111000,0.1690889568,-5705000,1673406000,0.1685144548,425337000,1248069000,0.125682391,110.79,110.79,11265070,11265070,https://www.nseindia.com/companies-listing/corporate-filings-annual-reports,https://www.nseindia.com/companies-listing/corporate-filings-annual-reports
3MINDIA.NS,2022-10-01,2022,Q2,867.0146745648274,94.30363060327188,25.921543319304718,25.921543319304718,1312.824687285565,2108.022586632839,2107.7350606787177,2108.022586632839,19.98611637566389,277191691941.0,263209244941.0,65.23158186644163,28.380488499056156,949.2606090963261,949.2606090963261,11.672692767160447,11.672692767160447,26.948884710741222,166.94103036862734,901.3768285149722,901.3768285149722,0.003832499425076988,0.0010534514867860962,0.009320621339383103,0.006717203886380298,-8.868397117958216,3.19064782843103,375.69747899159665,0.2748732276104475,0.0,0.0,0.0,0.0,9.829817603015214e-05,0.0,0.0,0.0,0.0,2114.915867013741,0.044440764003720074,0.032243302038620504,1144.8899341060464,18630003000.0,23743783000.0,17930596000.0,0.009320621339383103,2904092500.0,3118479500.0,2955806500.0,53.52080136123947,90.18020254169976,85.4760240829137,1.6815891711438256,0.9980017505325913,1.052926840779327,0.04473558831924272,0.0,3MINDIA.NS,INR,0000000000,2022-09-30,2022-09-29 20:00:00,2022,Q2,9766981000,6224496000,3542485000,0.3627001015,0,0,0,1287873000,2459385000,2459385000,8683881000,3808000,3808000,146004000,1576660000,0.1614275691,1430656000,0.1464788352,-3808000,1426848000,0.1460889501,364511000,1062337000,0.1087682059,94.3,94.3,11265070,11265504,https://www.nseindia.com/companies-listing/corporate-filings-annual-reports,https://www.nseindia.com/companies-listing/corporate-filings-annual-reports
3MINDIA.NS,2022-07-01,2022,Q1,837.6640935346908,74.80000198852832,0.0,0.0,1178.7929313499658,1938.435873335007,0.0,1938.435873335007,0.4754713255991418,246177393878.6,259456038878.6,73.04160902078465,26.089276320514678,0.0,0.0,11.274063950540143,11.274063950540143,27.4965145445811,202.82679712210756,0.0,0.0,0.0034227066373751468,0.0,0.0,0.0,10.380429174484053,0.0,212.16504854368932,0.0,0.0,0.0,0.0,0.0,0.0,0.0,0.0,0.0,0.0,1806.2080892167703,0.03877055120528776,0.0,1178.7929313499658,13278645000.0,0.0,13278645000.0,0.0,2782193000.0,2692215500.0,2447897000.0,0.0,0.0,0.0,0.0,0.0,0.0,0.03858781351370561,0.0,3MINDIA.NS,INR,0000000000,2022-06-30,2022-06-29 20:00:00,2022,Q1,9435961000,5974109000,3461852000,0.3668785829,0,0,0,1265288000,2440051000,2440051000,8414160000,0,5356000,142844000,1279200000,0.1355664781,1136356000,0.1204282214,-5356000,1131000000,0.1198606056,288407000,842593000,0.0892959392,74.8,74.8,11264612,11264612,https://www.nseindia.com/companies-listing/corporate-filings-annual-reports,https://www.nseindia.com/companies-listing/corporate-filings-annual-reports
3MINDIA.NS,2022-04-01,2021,Q4,819.9593966127152,98.45930828658854,-1.022097510268467,-1.022097510268467,1203.9169752163102,1938.357063027571,1937.858442069157,1938.357063027571,23.353605436983525,221891463311.0,208858563311.0,50.01380860473461,24.022287056371727,-19271.448958745874,-19271.448958745874,10.161853239379058,10.161853239379058,22.611326669228855,125.4103746250903,-18139.53129329512,-18139.53129329512,0.004998619520776378,-5.189023420816391e-05,0.011254261822642232,0.008175301185720574,-7.8256828235361935,3.2046503163019335,88.34462070954716,-0.01038091296856785,0.0,0.0,0.0,0.0,0.0001868630766045798,0.0,0.0,0.0,-0.0012465221015708734,2072.223238904934,0.05080501473192142,0.036905484180283735,1061.6605578127787,16765486000.0,21830111000.0,16146372000.0,0.011254261822642232,2782193000.0,2692215500.0,2447897000.0,54.21675453886044,77.87414151017076,70.80706480603891,1.6600034577040486,1.15571097484581,1.2710596074916551,0.050795237969624825,0.0,3MINDIA.NS,INR,0000000000,2022-03-31,2022-03-30 20:00:00,2021,Q4,9236900000,6222846000,3014054000,0.3263057952,0,0,0,0,1484018000,1484018000,7706864000,0,17335000,133947000,1665401000,0.1802986933,1531454000,0.1657973996,-17335000,1514119000,0.1639206877,404968000,1109151000,0.120078273,98.46,98.45,11265070,11265070,https://www.nseindia.com/companies-listing/corporate-filings-annual-reports,https://www.nseindia.com/companies-listing/corporate-filings-annual-reports
3MINDIA.NS,2022-01-01,2021,Q3,733.5019281613106,59.25000335112403,0.0,0.0,0.0,0.0,0.0,0.0,0.4387975119479778,285686292621.6,285686292621.6,107.00758888446072,34.5749602370816,0.0,0.0,0.0,0.0,34.5749602370816,277.0949632849501,0.0,0.0,0.0023362828992430852,0.0,0.0,0.0,0.0,0.0,181.02023062917257,0.0,0.0,0.0,0.0,0.0,0.0,0.0,0.0,0.0,0.0,0.0,0.0,0.0,0.0,11867884000.0,0.0,11867884000.0,0.0,2256979000.0,1941937000.0,2462344000.0,0.0,0.0,0.0,0.0,0.0,0.0,0.0,0.0,3MINDIA.NS,INR,0000000000,2021-12-31,2021-12-30 19:00:00,2021,Q3,8262809000,5090455000,3172354000,0.3839316629,0,0,0,0,76892000,2354463000,7444918000,0,4943000,136222000,1031005000,0.1247765742,894783000,0.1082904131,-4943000,889840000,0.1076921904,222396000,667444000,0.0807768883,59.25,59.25,11264877,11264878,https://www.nseindia.com/companies-listing/corporate-filings-annual-reports,https://www.nseindia.com/companies-listing/corporate-filings-annual-reports
3MINDIA.NS,2021-10-01,2021,Q2,745.7530223957774,57.0042618465753,0.0,0.0,1105.8008516591553,1778.2230381169402,1777.9487388893278,1778.2230381169402,26.925886834258463,279739850775.0,268168374775.0,108.90633084082242,33.29855763805565,0.0,0.0,13.964783645080047,13.964783645080047,31.92115838844608,266.4886965208292,0.0,0.0,0.00229555066330717,0.0,0.014796867801292215,0.010496128028342464,-11.498997816760955,2.97800806814882,114.07737923054671,0.0,0.0,0.0,0.0,0.0,0.0001094202437436851,0.0,0.0,0.0,0.0,1510.2124231195726,0.028767116291179413,0.022741962690555048,896.2923887734386,15026504000.0,20028717000.0,14415350000.0,0.014796867801292215,2256979000.0,1941937000.0,2462344000.0,48.35830905039424,66.82120256068318,84.72817974943722,1.8611072588623998,1.3468778853278969,1.0622203883779033,0.03205686835940462,0.0,3MINDIA.NS,INR,0000000000,2021-09-30,2021-09-29 20:00:00,2021,Q2,8400960000,5231104000,3169856000,0.3773206872,0,0,0,0,84296000,2381125000,7612229000,0,6914000,133276000,1006303000,0.1197842866,788731000,0.0938858178,77382000,866113000,0.103096908,223956000,642157000,0.0764385261,57.0,57.0,11265070,11265912,https://www.nseindia.com/companies-listing/corporate-filings-annual-reports,https://www.nseindia.com/companies-listing/corporate-filings-annual-reports
3MINDIA.NS,2021-07-01,2021,Q1,660.4308543530459,26.72000149155209,0.0,0.0,0.0,0.0,0.0,0.0,0.5182255679550688,274056831874.25,274056831874.25,227.65296259145762,36.8419340792838,0.0,0.0,0.0,0.0,36.8419340792838,490.54962719560456,0.0,0.0,0.0010981627348669563,0.0,0.0,0.0,0.0,0.0,56.7130375192736,0.0,0.0,0.0,0.0,0.0,0.0,0.0,0.0,0.0,0.0,0.0,0.0,0.0,0.0,10624229000.0,0.0,10624229000.0,0.0,2623538000.0,2054742500.0,2282738500.0,0.0,0.0,0.0,0.0,0.0,0.0,0.0,0.0,3MINDIA.NS,INR,0000000000,2021-06-30,2021-06-29 20:00:00,2021,Q1,7438720000,4931960000,2506760000,0.336988084,0,0,0,0,79912000,2175726000,7107686000,0,5837000,147727000,558673000,0.075103378,331034000,0.0445014734,74075000,405109000,0.0544595038,104150000,300959000,0.0404584391,26.72,26.72,11263435,11263436,https://www.nseindia.com/companies-listing/corporate-filings-annual-reports,https://www.nseindia.com/companies-listing/corporate-filings-annual-reports
3MINDIA.NS,2021-04-01,2020,Q4,732.7965132557676,62.55842414728043,11.162662946222886,11.162662946222886,969.2493461378054,1695.8685461346806,1695.5656504985616,1695.8685461346806,20.79220524890085,342856870209.9,332463900209.9,121.63289922530426,41.534927431316405,2726.6477673500713,2726.6477673500713,17.947529051926185,17.947529051926185,40.27588527042409,303.35266200097635,2643.9952936537225,2643.9952936537225,0.002055364967802975,0.0003667507083145775,0.012105715188027026,0.008721718171578127,-9.482939692417185,3.1043484094827654,307.1717957389246,0.17843580778094384,0.0,0.0,0.0,0.0,0.00012868040768759082,0.0,0.0,0.0,0.015232964055229867,1545.0062898449041,0.03489070160761867,0.026580374821245305,863.25660213948,14491004000.0,19099879000.0,13965211000.0,0.012105715188027026,2623538000.0,2054742500.0,2282738500.0,57.20848722613058,66.03231221861559,73.35931453476736,1.5731931460493425,1.3629690825006053,1.2268380719035492,0.036888722471955224,0.0,3MINDIA.NS,INR,0000000000,2021-03-31,2021-03-30 20:00:00,2020,Q4,8254664000,5601101000,2653563000,0.3214622667,0,0,0,0,-171275000,1745256000,7346357000,0,2957000,144173000,1095965000,0.1327691836,908307000,0.1100356114,40528000,948835000,0.1149453206,244139000,704696000,0.0853694348,62.56,62.56,11264606,11264624,https://www.nseindia.com/companies-listing/corporate-filings-annual-reports,https://www.nseindia.com/companies-listing/corporate-filings-annual-reports
3MINDIA.NS,2021-01-01,2020,Q3,658.2027061000882,52.72000201693372,0.0,0.0,0.0,0.0,0.0,0.0,0.7656713619558008,234648313463.19998,234648313463.19998,98.77915972627052,31.647621328424687,0.0,0.0,0.0,0.0,31.647621328424687,241.05408471029125,0.0,0.0,0.002530898224815654,0.0,0.0,0.0,0.0,0.0,88.01252173913043,0.0,0.0,0.0,0.0,0.0,0.0,0.0,0.0,0.0,0.0,0.0,0.0,0.0,0.0,10110481000.0,0.0,10110481000.0,0.0,2027866000.0,1108856500.0,1863387500.0,0.0,0.0,0.0,0.0,0.0,0.0,0.0,0.0,3MINDIA.NS,INR,0000000000,2020-12-31,2020-12-30 19:00:00,2020,Q3,7414406000,4431816000,2982590000,0.4022695817,0,0,0,0,56885000,2223482000,6655298000,0,8625000,157433000,973426000,0.1312884673,759108000,0.1023828477,48260000,807368000,0.1088917979,213497000,593871000,0.0800969086,52.72,52.72,11264624,11264624,https://www.nseindia.com/companies-listing/corporate-filings-annual-reports,https://www.nseindia.com/companies-listing/corporate-filings-annual-reports
3MINDIA.NS,2020-10-01,2020,Q2,612.5170993167375,66.61059363146434,54.38197454609692,49.67055242444121,897.50716151786,1581.2831167493855,1580.9019384699784,1581.2831167493855,28.05388692657924,206231326250.50003,196871687250.50003,68.70960384052331,29.88839008808345,336.6400384098215,368.5714997401895,11.577401798631525,11.577401798631525,28.531930104036963,165.08173286999266,321.36190734337583,351.84418558294755,0.0036385015489283877,0.00271317777067655,0.017483543864642445,0.013302031487783013,-7.848286600965477,3.651120213687987,210.9,0.8164163022923266,0.0,0.0,0.0,0.0,0.00018340324496463273,-0.08663573106677216,-0.007691903012848607,-0.357810643407913,0.0,1539.4575862578988,0.039236468223412604,0.03205544664020003,835.8618721410519,13446662000.0,17808971000.0,12919105000.0,0.017483543864642445,2027866000.0,1108856500.0,1863387500.0,52.9004841705449,47.7201190646966,80.19168698895423,1.7013076800932605,1.8859969707532038,1.1223108451677388,0.042124394376887114,-4.711422121655702,3MINDIA.NS,INR,0000000000,2020-09-30,2020-09-29 20:00:00,2020,Q2,6900048000,4182600000,2717448000,0.3938303038,0,0,0,0,57982000,1749417000,5932017000,0,4590000,166558000,1192571000,0.1728351745,968031000,0.1402933719,53392000,1021423000,0.1480312891,271050000,750373000,0.1087489536,66.61,66.61,11265070,11265070,https://www.nseindia.com/companies-listing/corporate-filings-annual-reports,https://www.nseindia.com/companies-listing/corporate-filings-annual-reports
3MINDIA.NS,2020-07-01,2020,Q1,307.30337228264005,-37.74277478968173,54.38197454609692,49.67055242444121,0.0,0.0,0.0,0.0,0.7371458854672008,211729806917.5,211729806917.5,-124.49568231757512,61.16187355963411,345.6154388816499,378.398247706049,0.0,0.0,61.16187355963411,-504.3455433933365,345.6154388816499,378.398247706049,-0.002008101769845133,0.0026427183689730765,0.0,0.0,0.0,0.0,-76.3719894026975,-1.4408578820485682,0.0,0.0,0.0,0.0,0.0,-0.08663573106677216,-0.015331501527820547,-0.357810643407913,0.0,0.0,0.0,0.0,0.0,7805716000.0,0.0,7805716000.0,0.0,0.0,1564351500.0,2193284500.0,0.0,0.0,0.0,0.0,0.0,0.0,0.0,-4.711422121655702,3MINDIA.NS,INR,0000000000,2020-06-30,2020-06-29 20:00:00,2020,Q1,3461794000,2166155000,1295639000,0.3742680818,0,0,0,0,64087000,1929832000,4095987000,0,8304000,150295000,-419811000,-0.1212697809,-634193000,-0.183197787,55783000,-578410000,-0.1670838877,-153235000,-425175000,-0.1228192665,-37.74,-37.74,11265070,11265070,https://www.nseindia.com/companies-listing/corporate-filings-annual-reports,https://www.nseindia.com/companies-listing/corporate-filings-annual-reports
3MINDIA.NS,2020-04-01,2019,Q4,595.6549759566518,53.36300617750267,54.38197454609692,49.67055242444121,692.9132264601996,1554.2492856236136,1553.940632415067,1554.2492856236136,38.194436430488224,212098174706.5,204713742706.5,88.20694029761054,31.60881846031986,346.21674106445835,379.0565854615983,12.113854691234835,12.113854691234835,30.50832256570138,230.55919827379404,334.1628231786023,365.8593121547122,0.0028342440986672828,0.002638128549546882,0.02406137236590644,0.01776553161988331,-8.316729004697596,3.2710620755036017,84.55941641608197,1.0190950330872446,0.0,0.0,0.0,0.0,0.00014662496900507557,-0.08663573106677216,-0.00790964956531912,-0.357810643407913,0.0,1366.0661844059825,0.035369560086222794,0.025353686024633487,336.80816009132656,12974455000.0,17505250000.0,12482568000.0,0.02406137236590644,0.0,1564351500.0,2193284500.0,0.0,61.78484781395688,86.62487238015913,0.0,1.4566678268918463,1.0389625696073628,0.03433362117074531,-4.711422121655702,3MINDIA.NS,INR,0000000000,2020-03-31,2020-03-30 20:00:00,2019,Q4,6710095000,4557481000,2152614000,0.3208023135,0,0,0,0,-161705000,1393355000,5950836000,0,8979000,158980000,887901000,0.1323231638,759259000,0.1131517512,-39555000,719704000,0.1072569017,118566000,601138000,0.0895871072,53.36,53.36,11265070,11265070,https://www.nseindia.com/companies-listing/corporate-filings-annual-reports,https://www.nseindia.com/companies-listing/corporate-filings-annual-reports
3MINDIA.NS,2020-01-01,2019,Q3,661.670810745073,63.842834531875965,54.38197454609692,49.67055242444121,0.0,0.0,0.0,0.0,0.9980408466170205,239998936829.0,239998936829.0,83.42635534674929,32.198337381710836,391.7603245895578,428.92013396486146,0.0,0.0,32.198337381710836,213.75248317270655,391.76032458955785,428.92013396486146,0.0029966549414859613,0.0023314363696480688,0.0,0.0,0.0,0.0,73.91416881615227,0.5664957793704449,0.0,0.0,0.0,0.0,0.0,-0.08663573106677216,-0.007120492615278608,-0.357810643407913,0.0,0.0,0.0,0.0,0.0,7435512000.0,0.0,7435512000.0,0.0,2954973500.0,1373957500.0,1989038000.0,0.0,0.0,0.0,0.0,0.0,0.0,0.0,-4.711422121655702,3MINDIA.NS,INR,0000000000,2019-12-31,2019-12-30 19:00:00,2019,Q3,7453768000,4461216000,2992552000,0.4014817741,0,0,0,0,144290000,2161535000,6622751000,0,11243000,147492000,1122789000,0.1506337466,831017000,0.1114895178,133037000,964054000,0.1293378061,244860000,719194000,0.0964873068,63.84,63.84,11265070,11265070,https://www.nseindia.com/companies-listing/corporate-filings-annual-reports,https://www.nseindia.com/companies-listing/corporate-filings-annual-reports
ABB.NS,2024-04-01,2024,Q1,145.36282485295825,21.67398999685595,0.0,0.0,227.20149687335388,280.5269022519756,0.0,280.5269022519756,0.17979468720856362,1378389811443.75,1426535711443.75,75.02829429356997,44.74768570698717,0.0,0.0,23.18725921750412,23.18725921750412,46.31068159058519,252.40378489043314,0.0,0.0,0.0033320762834058637,0.0,0.0,0.0,8.518684312962241,0.0,140.09448818897638,0.0,0.0,0.0,0.0,0.0,0.0,0.0,0.0,0.0,0.0,369.8690155288922,0.06687363012475712,0.0,227.20149687335388,48145900000.0,0.0,48145900000.0,0.0,12748500000.0,15545400000.0,7803800000.0,0.0,0.0,0.0,0.0,0.0,0.0,0.0772617165158295,0.0,ABB.NS,INR,0000000000,2024-03-31,2024-03-29 20:00:00,2024,Q1,30803600000,20933300000,9870300000,0.3204268332,0,0,0,4532700000,0,4532700000,25466000000,0,38100000,314200000,5651800000,0.1834785545,5337600000,0.173278448,833300000,6170900000,0.2003304809,1574900000,4592900000,0.1491027023,21.67,21.67,211908375,211908375,https://www.nseindia.com/companies-listing/corporate-filings-annual-reports,https://www.nseindia.com/companies-listing/corporate-filings-annual-reports
ABB.NS,2024-01-01,2023,Q4,128.7386195062716,15.980727542699926,3.1068655920727664,3.1068655920727664,235.44133235722512,280.51447750054325,279.64338486947304,280.51447750054325,2.696328978296444,992241340554.2,983962340554.2,73.24760383232444,36.369816749292575,1507.0494236849938,1507.0494236849938,16.691473615620897,16.691473615620897,36.066356592412575,198.85659961484205,1494.4750008417375,1494.4750008417375,0.00341308093261713,0.0006635482448577093,0.00823941055748074,0.004452245620701034,-1.6731674784260626,1.9041055730172152,56.604166666666664,0.19441327585188684,0.0,0.0,0.0,6.964298805072942e-05,0.001678000289059638,0.0,0.0,0.0,0.0,317.59025855050675,0.058630762891815666,0.03083568475233389,123.89169211730206,45333300000.0,59261400000.0,44909000000.0,0.00823941055748074,12748500000.0,15545400000.0,7803800000.0,84.11150208928964,162.43132793089836,81.5406227505979,1.0700082362630898,0.5540803067145265,1.1037443296855378,0.0569693503347576,0.0,ABB.NS,INR,0000000000,2023-12-31,2023-12-30 19:00:00,2023,Q4,27282000000,17226800000,10055200000,0.3685653544,1900000,0,0,4363300000,775900000,6212200000,23439000000,0,81600000,329200000,4948100000,0.181368668,4618900000,0.169302104,-81600000,4537300000,0.1663111209,1085300000,3386600000,0.1241331281,15.98,15.98,211917761,211917761,https://www.nseindia.com/companies-listing/corporate-filings-annual-reports,https://www.nseindia.com/companies-listing/corporate-filings-annual-reports
ABB.NS,2023-10-01,2023,Q3,129.829224541031,17.12391027490065,2.8587827168227777,2.8587827168227777,195.8554021283963,253.34062422025556,0.0,253.34062422025556,0.04152738182245039,868453497843.75,909956897843.75,59.83227449525657,31.566467522917357,1433.5647042650214,1433.5647042650214,16.176837065171835,16.176837065171835,33.075029272560236,176.57066029761327,1502.0747735948332,1502.0747735948332,0.004178346922442664,0.0006975618170738187,0.0,0.0,8.053439410109634,0.0,551.2045454545455,0.1669468404662827,0.0,0.0,0.0,0.0,0.0,0.0,0.0,0.0,0.0,312.4245471438456,0.06755293604001474,0.0,195.8554021283963,41503400000.0,0.0,41503400000.0,0.0,11983950000.0,15569500000.0,8085300000.0,0.0,0.0,0.0,0.0,0.0,0.0,0.06759243736611717,0.0,ABB.NS,INR,0000000000,2023-09-30,2023-09-29 20:00:00,2023,Q3,27511900000,17522400000,9989500000,0.3630974233,0,0,0,4004600000,768200000,5907100000,23429500000,0,8800000,302900000,5153500000,0.187318942,4850600000,0.1763091608,-8800000,4841800000,0.1759892992,1221800000,3628700000,0.1318956524,17.12,17.12,211908375,211908375,https://www.nseindia.com/companies-listing/corporate-filings-annual-reports,https://www.nseindia.com/companies-listing/corporate-filings-annual-reports
ABB.NS,2023-07-01,2023,Q2,117.5673212538202,13.95084078201251,2.7587394787959654,2.7587394787959654,207.2390956704755,253.34062422025556,252.52517744992383,253.34062422025556,2.036729317564726,937270742625.0,924730742625.0,79.26045585909752,37.62099835932326,1603.2684615549094,1603.2684615549094,17.458708067896062,17.458708067896062,37.117656797519416,218.22554398230088,1581.8178970663703,1581.8178970663703,0.003154157988246102,0.0006237258600036097,0.007780571854335476,0.00404146150549037,-2.95929203539823,1.8101553511526478,283.8273381294964,0.19774718397997496,0.0,0.0,0.0,0.0,0.001671928532795633,0.0,0.0,0.0,0.0,281.9965975371513,0.05486896275719457,0.028651620600324286,95.83493337627642,40066800000.0,53512200000.0,39853800000.0,0.007780571854335476,11983950000.0,15569500000.0,8085300000.0,86.58402071166235,176.0359545480242,91.41613432076431,1.0394527680773034,0.511259192652301,0.9845089236020926,0.055067523516811025,0.0,ABB.NS,INR,0000000000,2023-06-30,2023-06-29 20:00:00,2023,Q2,24913500000,15920100000,8993400000,0.3609850081,0,0,0,3998000000,750300000,5798500000,21718600000,13900000,13900000,292300000,4237500000,0.1700885062,3945200000,0.1583559115,-13900000,3931300000,0.157797981,973200000,2956300000,0.1186625725,13.95,13.95,211908375,211908375,https://www.nseindia.com/companies-listing/corporate-filings-annual-reports,https://www.nseindia.com/companies-listing/corporate-filings-annual-reports
ABB.NS,2023-04-01,2023,Q1,113.06490364054747,11.556409698295314,2.5935737556384924,2.5935737556384924,171.01589307171082,233.09177846321552,0.0,233.09177846321552,0.1052341607546186,713103468131.25,749343168130.25,72.79834498461044,29.76299356959064,1297.4953932519104,1297.4953932519104,14.437017136282472,14.437017136282472,31.275539793577884,209.5713077889725,1363.4337120273835,1363.4337120273835,0.003434144004961239,0.0007707156458518914,0.0,0.0,10.135277995021815,0.0,148.01793721973095,0.22442729388705132,0.0,0.0,0.0,0.0,0.0,0.0,0.0,0.0,0.0,246.18761546342486,0.049973097929333556,0.0,171.01589307171082,36239700000.0,0.0,36239700000.0,0.0,10489650000.0,13183800000.0,7103300000.0,0.0,0.0,0.0,0.0,0.0,0.0,0.049578795848087116,0.0,ABB.NS,INR,0000000000,2023-03-31,2023-03-30 20:00:00,2023,Q1,23959400000,15355900000,8603500000,0.3590866215,0,0,0,4024800000,6025200000,6025200000,21381100000,22300000,22300000,274800000,3575600000,0.1492357905,3300800000,0.1377663881,-22300000,3278500000,0.136835647,826800000,2448900000,0.1022104059,11.56,11.56,211908375,211908375,https://www.nseindia.com/companies-listing/corporate-filings-annual-reports,https://www.nseindia.com/companies-listing/corporate-filings-annual-reports
ABB.NS,2023-01-01,2022,Q4,113.62929851167988,14.408113884125628,2.5312826829048167,2.5312826829048167,185.70997960793196,233.09177846321552,232.24377045031844,233.09177846321552,1.9031810328402547,568550170125.0,537412470125.0,46.55362980847963,23.61186802296607,1059.9369316275167,1059.9369316275167,11.51048748990264,11.51048748990264,22.318720467004443,123.7450712945267,1001.8875281972408,1001.8875281972408,0.005370150534523156,0.0009434523603819668,0.006699180671375731,0.0035511035894155865,-7.169794377029174,1.8156282037725786,56.280386740331494,0.17568452770863358,0.0,0.0,0.0,0.00010797790605922172,0.0019284778332365696,0.0,0.0,0.0,0.0,274.8895960470427,0.0626332406377645,0.032829189721577674,86.844491162749,35482600000.0,49214400000.0,35197800000.0,0.006699180671375731,10489650000.0,13183800000.0,7103300000.0,78.4142613895926,152.96994856059922,82.41868320290845,1.1477504015863256,0.5883508548369969,1.0919854152295412,0.061813050546522766,0.0,ABB.NS,INR,0000000000,2022-12-31,2022-12-30 19:00:00,2022,Q4,24079000000,15513400000,8565600000,0.3557290585,2600000,0,0,3527700000,5191000000,5191000000,20704400000,1213600000,72400000,268200000,4342900000,0.1803604801,4074700000,0.1692221438,-72400000,4002300000,0.1662153744,943200000,3053200000,0.1267992857,14.41,14.41,211908375,211908375,https://www.nseindia.com/companies-listing/corporate-filings-annual-reports,https://www.nseindia.com/companies-listing/corporate-filings-annual-reports
ABB.NS,2022-10-01,2022,Q3,99.18768503474757,9.329999978795454,2.5379337864976095,2.5379337864976095,133.5895805832065,197.0081727654552,0.0,197.0081727654552,0.07367280809334334,653959598485.2001,682246798485.2001,82.75455538636363,31.13692994163608,1216.8954195854112,1216.8954195854114,15.67650700297009,15.67650700297009,32.48376630077086,264.61109974991274,1269.5325613792336,1269.5325613792336,0.0030209817312509563,0.0008217633034897063,0.0,0.0,10.971260132645542,0.0,148.05128205128204,0.27201862725248027,0.0,0.0,0.0,0.0,0.0,0.0,0.0,0.0,0.0,203.364059198756,0.04072285278267667,0.0,133.5895805832065,28287200000.0,0.0,28287200000.0,0.0,10016050000.0,12752800000.0,6602100000.0,0.0,0.0,0.0,0.0,0.0,0.0,0.04735844126580033,0.0,ABB.NS,INR,0000000000,2022-09-30,2022-09-29 20:00:00,2022,Q3,21002700000,13818900000,7183800000,0.3420417375,0,0,0,3708100000,5343000000,5343000000,19161900000,15600000,15600000,268700000,2578300000,0.122760407,2309600000,0.1099668138,443500000,2753100000,0.1310831465,728100000,1975600000,0.0940640965,9.33,9.33,211747053,211747053,https://www.nseindia.com/companies-listing/corporate-filings-annual-reports,https://www.nseindia.com/companies-listing/corporate-filings-annual-reports
ABB.NS,2022-07-01,2022,Q2,98.23489176712911,6.620000008211291,0.0,0.0,161.56046783655205,196.862887327161,196.008252310418,196.862887327161,1.545988025869703,487568355890.7,476575155890.7,86.89199384992516,23.422431262553864,0.0,0.0,11.68783020121105,11.68783020121105,22.89432588359603,205.5975650952114,0.0,0.0,0.002877135037685815,0.0,0.007172325180566643,0.003501512016552602,-4.74253666954271,1.6278782611095015,72.51760563380282,0.0,0.0,0.0,0.0,0.0,0.0021193978148318056,0.0,0.0,0.0,0.0,171.23880139662228,0.03679192551061283,0.01645171618326752,57.23588865097694,27306300000.0,41534800000.0,27063200000.0,0.007172325180566643,10016050000.0,12752800000.0,6602100000.0,86.60948391404813,171.3101039575513,88.68691090099033,1.0391471687940854,0.5253630575246221,1.0148058950939853,0.03362746578642676,0.0,ABB.NS,INR,0000000000,2022-06-30,2022-06-29 20:00:00,2022,Q2,20816300000,13399700000,7416600000,0.3562881012,0,0,0,4019800000,5610100000,5610100000,19009800000,0,28400000,258500000,2318000000,0.1113550439,2059500000,0.0989368908,-28400000,2031100000,0.0975725753,506600000,1402800000,0.0673894977,6.87,6.87,211903323,212037846,https://www.nseindia.com/companies-listing/corporate-filings-annual-reports,https://www.nseindia.com/companies-listing/corporate-filings-annual-reports
ABB.NS,2022-04-01,2022,Q1,92.53758325046425,3.7601860222462444,0.0,0.0,0.0,0.0,0.0,0.0,0.07033237726772412,457164342356.94995,457164342356.94995,143.4736198709986,23.319714263114534,0.0,0.0,0.0,0.0,23.319714263114534,202.88658516706607,0.0,0.0,0.0017424806053181236,0.0,0.0,0.0,0.0,0.0,133.83221476510067,0.0,0.0,0.0,0.0,0.0,0.0,0.0,0.0,0.0,0.0,0.0,0.0,0.0,0.0,26851400000.0,0.0,26851400000.0,0.0,13170400000.0,9806500000.0,5045450000.0,0.0,0.0,0.0,0.0,0.0,0.0,0.0,0.0,ABB.NS,INR,0000000000,2022-03-31,2022-03-30 20:00:00,2022,Q1,19604200000,13045000000,6559200000,0.3345813652,0,0,0,0,4941100000,4941100000,17986100000,0,14900000,259200000,2253300000,0.1149396558,1994100000,0.1017179992,-14900000,1979200000,0.100957958,1211900000,796600000,0.0406341498,3.76,3.76,211851221,211861702,https://www.nseindia.com/companies-listing/corporate-filings-annual-reports,https://www.nseindia.com/companies-listing/corporate-filings-annual-reports
ABB.NS,2022-01-01,2021,Q4,97.75590519591293,8.888059672486902,0.0,0.0,126.81022608385484,191.0408613525361,190.15913938608907,191.0408613525361,1.9150415500496487,472953080300.8,466138280300.8,62.82586082635494,22.84874755671931,0.0,0.0,11.69173957961925,11.69173957961925,22.51951903208321,150.1395562536799,0.0,0.0,0.003979253076865554,0.0,0.009062615105841753,0.0045412090566523886,-2.194994685476858,1.6572647416572797,73.96915167095116,0.0,0.0,0.0,0.0,0.0,0.0023127215790425554,0.0,0.0,0.0,0.0,195.4599906647249,0.051433971984910246,0.023367067830301947,53.72954861365561,26315500000.0,40265200000.0,26077900000.0,0.009062615105841753,13170400000.0,9806500000.0,5045450000.0,114.52909035571251,107.5850845970062,55.35258910722123,0.7858265504464557,0.8365471880895324,1.625940203549733,0.04652439069611069,0.0,ABB.NS,INR,0000000000,2021-12-31,,2021,Q4,20699300000,16407200000,4292100000,0.2073548381,0,0,0,0,-248500000,2178200000,18585400000,0,38900000,227300000,3104700000,0.1499905794,2877400000,0.1390095317,-224300000,2653100000,0.1281734165,717300000,1882000000,0.090920949,9.14,9.14,211744753,211872792,https://www.nseindia.com/companies-listing/corporate-filings-annual-reports,https://www.nseindia.com/companies-listing/corporate-filings-annual-reports
ABB.NS,2021-10-01,2021,Q3,83.20936271987203,5.6599999871621085,0.0,0.0,0.0,0.0,0.0,0.0,0.09581220792143995,396329244715.19995,396329244715.19995,82.62367509906603,22.48064326964571,0.0,0.0,0.0,0.0,22.48064326964571,204.567587857541,0.0,0.0,0.0030257671266770603,0.0,0.0,0.0,0.0,0.0,82.47783251231527,0.0,0.0,0.0,0.0,0.0,0.0,0.0,0.0,0.0,0.0,0.0,0.0,0.0,0.0,23644300000.0,0.0,23644300000.0,0.0,8098850000.0,8876950000.0,4942700000.0,0.0,0.0,0.0,0.0,0.0,0.0,0.0,0.0,ABB.NS,INR,0000000000,2021-09-30,,2021,Q3,17629800000,11653900000,5975900000,0.3389658419,0,0,0,0,248100000,4549700000,16203600000,0,20300000,263100000,1937400000,0.1098934758,1674300000,0.0949698805,-20300000,1654000000,0.0938184211,454300000,1199200000,0.0680211914,5.66,5.66,211872792,211872792,https://www.nseindia.com/companies-listing/corporate-filings-annual-reports,https://www.nseindia.com/companies-listing/corporate-filings-annual-reports
ABB.NS,2021-07-01,2021,Q2,66.67504292834109,3.315583916869732,0.0,0.0,150.21539379932483,175.84817022923232,174.94494967459403,175.84817022923232,1.8012501865487855,383172723675.0,359920723675.0,136.34099191396243,27.1195925879397,0.0,0.0,10.282734233986426,10.282734233986426,25.473899332932266,300.03394771173726,0.0,0.0,0.0018336378259427783,0.0,0.009813840278877299,0.004830579669560347,-19.383127709236412,1.6160642696971848,57.225,0.0,0.0,0.0,0.0,0.0,0.002528227915651765,0.0,0.0,0.0,0.0,114.53552162110147,0.018478933448353344,0.009304259618771668,49.46182518741885,23434900000.0,37072300000.0,23033100000.0,0.009813840278877299,8098850000.0,8876950000.0,4942700000.0,103.17736570174817,168.90602536997886,94.04714587737844,0.8722843366650821,0.5328406716270792,0.9569668399862423,0.018854810445554253,0.0,ABB.NS,INR,0000000000,2021-06-30,,2021,Q2,14129000000,9460000000,4669000000,0.3304550924,0,0,0,0,252100000,4005500000,13465500000,0,16000000,284000000,1199600000,0.0849033902,915600000,0.0648028877,-16000000,899600000,0.063670465,216400000,702600000,0.0497275108,3.31,3.31,211908375,212265861,https://www.nseindia.com/companies-listing/corporate-filings-annual-reports,https://www.nseindia.com/companies-listing/corporate-filings-annual-reports
ABB.NS,2021-04-01,2021,Q1,76.37062707179471,6.670000014866271,0.0,0.0,0.0,0.0,0.0,0.0,0.15007853992269682,298774162002.75,298774162002.75,52.850449657317974,18.463250258171065,0.0,0.0,0.0,0.0,18.463250258171065,189.68583709145452,0.0,0.0,0.004730328722290891,0.0,0.0,0.0,0.0,0.0,41.588050314465406,0.0,0.0,0.0,0.0,0.0,0.0,0.0,0.0,0.0,0.0,0.0,0.0,0.0,0.0,22040300000.0,0.0,22040300000.0,0.0,13013100000.0,8603700000.0,4204150000.0,0.0,0.0,0.0,0.0,0.0,0.0,0.0,0.0,ABB.NS,INR,0000000000,2021-03-31,,2021,Q1,16182100000,10861000000,5321100000,0.3288262957,0,0,0,0,252600000,4251200000,15112200000,0,31800000,252600000,1575100000,0.0973359453,1322500000,0.0817261048,713500000,2036000000,0.1258180335,529800000,1413300000,0.087337243,6.67,6.67,211889055,211889055,https://www.nseindia.com/companies-listing/corporate-filings-annual-reports,https://www.nseindia.com/companies-listing/corporate-filings-annual-reports
ABB.NS,2021-01-01,2020,Q4,79.36870838593082,2.7161704299736487,0.0,0.0,104.00488382166124,170.17968581043027,169.24771280848483,170.17968581043027,3.0752749638878156,256852799920.5,235395699920.5,111.5587212997307,15.27113171738161,0.0,0.0,7.122177915818632,7.122177915818632,13.995404139272868,94.44918345323596,0.0,0.0,0.002240972261848644,0.0,0.016149157881310345,0.0076727488307753115,-8.609356819002528,1.5464574775287754,29.665223665223664,0.0,0.0,0.0,0.0,0.0,0.00260193663131546,0.0,0.0,0.0,0.0,101.98202382558006,0.04340505094342173,0.007602945547006571,27.949280472013417,21497200000.0,35866300000.0,20995200000.0,0.016149157881310345,13013100000.0,8603700000.0,4204150000.0,139.26442522072594,117.01999365280864,57.18116697647006,0.6462526223574705,0.7690993409812058,1.5739447926453622,0.01596060315330054,0.0,ABB.NS,INR,0000000000,2020-12-31,,2020,Q4,16819500000,13234200000,3585300000,0.2131632926,0,0,0,0,-546000000,1630800000,14865000000,0,69300000,436500000,2492300000,0.1481791968,2055800000,0.1222271768,-1251900000,803900000,0.0477957133,181900000,575600000,0.0342221826,2.72,2.72,211916010,211916010,https://www.nseindia.com/companies-listing/corporate-filings-annual-reports,https://www.nseindia.com/companies-listing/corporate-filings-annual-reports
ABB.NS,2020-10-01,2020,Q3,75.50680101989462,3.810000008965816,0.0,0.0,0.0,0.0,0.0,0.0,0.13212781799732828,182141810595.0,182141810595.0,56.39763766255883,11.383080575397942,0.0,0.0,0.0,0.0,11.383080575397942,128.72212762897527,0.0,0.0,0.0044328097835553415,0.0,0.0,0.0,0.0,0.0,41.7,0.0,0.0,0.0,0.0,0.0,0.0,0.0,0.0,0.0,0.0,0.0,0.0,0.0,0.0,15114900000.0,0.0,15114900000.0,0.0,8225300000.0,7720950000.0,5701050000.0,0.0,0.0,0.0,0.0,0.0,0.0,0.0,0.0,ABB.NS,INR,0000000000,2020-09-30,,2020,Q3,16001100000,10956100000,5045000000,0.3152908238,0,0,0,0,201000000,4078400000,15034500000,0,28000000,247400000,1415000000,0.0884314203,1167600000,0.0729699833,-28000000,1139600000,0.0712201036,284700000,807400000,0.0504590309,3.81,3.81,211916010,211916010,https://www.nseindia.com/companies-listing/corporate-filings-annual-reports,https://www.nseindia.com/companies-listing/corporate-filings-annual-reports
ABB.NS,2020-07-01,2020,Q2,46.03918928251187,0.7700000015608108,0.0,0.0,121.8000002468919,169.53337872202712,168.5751354768415,169.53337872202712,3.0837837900346967,198985999596.65,184512499596.65,305.5681811987868,20.442366919729814,0.0,0.0,5.5514141645412645,5.5514141645412645,18.955465337646395,368.582699953356,0.0,0.0,0.000818148012071201,0.0,0.017143638301315135,0.008355519537910536,-28.912305233719536,1.5718800924495948,6.709333333333333,0.0,0.0,0.0,0.0,0.0,0.002754805953426647,0.0,0.0,0.0,0.0,54.195625213783025,0.004937679028430767,0.002219749773661878,28.808783842179967,21477300000.0,35641600000.0,21332900000.0,0.017143638301315135,8225300000.0,7720950000.0,5701050000.0,152.10129443188822,216.49883943732183,159.8599535774929,0.5917109406343841,0.41570661641378326,0.5629927820313801,0.0045418784629033425,0.0,ABB.NS,INR,0000000000,2020-06-30,,2020,Q2,9734000000,6419300000,3314700000,0.340528046,0,0,0,0,266200000,3329300000,9748600000,181600000,37500000,249000000,500600000,0.0514279844,251600000,0.0258475447,-17500000,234100000,0.0240497226,66600000,162800000,0.0167248819,0.77,0.77,211428571,211428571,https://www.nseindia.com/companies-listing/corporate-filings-annual-reports,https://www.nseindia.com/companies-listing/corporate-filings-annual-reports
ABB.NS,2020-04-01,2020,Q1,70.85729432178235,3.0500000033029084,0.0,0.0,0.0,0.0,0.0,0.0,0.1599551363118326,198243462080.4,198243462080.4,76.67213106451113,13.201181458497313,0.0,0.0,0.0,0.0,13.201181458497313,328.87103862043796,0.0,0.0,0.003260637164104029,0.0,0.0,0.0,0.0,0.0,9.79646017699115,0.0,0.0,0.0,0.0,0.0,0.0,0.0,0.0,0.0,0.0,0.0,0.0,0.0,0.0,15949900000.0,0.0,15949900000.0,0.0,0.0,9508000000.0,4308650000.0,0.0,0.0,0.0,0.0,0.0,0.0,0.0,0.0,ABB.NS,INR,0000000000,2020-03-31,,2020,Q1,15017100000,9927200000,5089900000,0.3389402748,0,0,0,0,276200000,4939400000,14866600000,181600000,33900000,270700000,602800000,0.040140906,332100000,0.0221147891,534000000,866100000,0.0576742514,206100000,646400000,0.0430442629,3.05,3.05,211934426,211934426,https://www.nseindia.com/companies-listing/corporate-filings-annual-reports,https://www.nseindia.com/companies-listing/corporate-filings-annual-reports
ABB.NS,2020-01-01,2019,Q4,92.95731897256822,-3.70580626500103,0.0,0.0,75.32463278468195,166.2399094111479,165.20613727987643,166.2399094111479,-1.562228510847892,272150134918.0,256336434918.0,-86.70515321715305,13.826237828344409,0.0,0.0,7.731296320796794,7.731296320796794,13.022843124123636,239.32073094762393,0.0,0.0,-0.0028833349659607315,0.0,0.003846470706881319,0.0017582520325731123,-14.763980954159276,1.55102748277024,-0.7151437151437151,0.0,0.0,0.0,0.0,0.0,0.0028425507380373284,0.0,0.0,0.0,0.0,117.73355596538015,0.007629656380126445,-0.010218858332009365,-101.76516142769778,22730600000.0,34982200000.0,22174700000.0,0.003846470706881319,0.0,9508000000.0,4308650000.0,0.0,109.56301294444516,49.649629335620915,0.0,0.8214450988641144,1.8127023545658152,-0.02229191701395695,0.0,ABB.NS,INR,0000000000,2019-12-31,,2019,Q4,19683600000,15620600000,4063000000,0.2064154931,0,0,0,0,-475900000,2438500000,18059100000,0,-466200000,737700000,1071100000,0.0544158589,333400000,0.0169379585,466200000,799600000,0.0406226503,153000000,-784700000,-0.039865675,-3.7,-3.7,211748792,211916010,https://www.nseindia.com/companies-listing/corporate-filings-annual-reports,https://www.nseindia.com/companies-listing/corporate-filings-annual-reports
ACC.NS,2023-10-01,2023,Q3,236.21099733907425,20.659999965698052,,,231.0193653996688,789.3192721761328,781.1927995692272,789.3192721761328,23.206014192676413,377788737316.5,373412937316.5,24.349588617388108,8.518866702516275,0.0,0.0,2.549348623469282,2.549348623469282,8.42019553200533,49.06484867375765,0.0,0.0,0.010267113910149362,,0.027452539066322154,0.018377045181457625,-0.5749612382729351,1.465853765584784,18.997227997228,0.0,,,0.0,0.0,0.007052318700479731,0.0,,0.0,,605.73514266706,0.026890597761847743,0.017645924168201307,-36.06698135189457,29719700000.0,146664600000.0,20367700000.0,0.027452539066322154,9497750000.0,8391150000.0,8757600000.0,38.55014848705558,116.68510464065264,121.78086107398623,2.3346213576899792,0.77130667429375,0.7390323833013611,0.026174452713841594,,ACC.NS,INR,0000000000,2023-09-30,,2023,Q3,44347300000,12944300000,31403000000,0.7081152629,0,0,9478900000,9478900000,2100500000,28038200000,40982500000,0,288600000,2128000000,7610600000,0.1716136044,5482600000,0.1236287215,-288600000,5194000000,0.1171209972,1315200000,3878800000,0.0874641748,20.66,20.6,187744434,188291262,https://www.nseindia.com/companies-listing/corporate-filings-annual-reports,https://www.nseindia.com/companies-listing/corporate-filings-annual-reports
ACC.NS,2023-07-01,2023,Q2,276.96106049784214,24.82000001885063,0.0,0.0,0.0,0.0,0.0,0.0,1.3371169287134508,340598537211.10004,340598537211.10004,18.268533426898735,6.548574000763299,0.0,0.0,0.0,0.0,6.548574000763299,40.0369734940344,0.0,0.0,0.013684732876909429,0.0,0.0,0.0,0.0,0.0,25.91238550378335,0.0,0.0,0.0,0.0,0.0,0.0,0.0,0.0,0.0,0.0,0.0,0.0,0.0,0.0,29761000000.0,0.0,29761000000.0,0.0,0.0,7466950000.0,8121000000.0,0.0,0.0,0.0,0.0,0.0,0.0,0.0,0.0,ACC.NS,INR,0000000000,2023-06-30,,2023,Q2,52011100000,25516800000,26494300000,0.5093970326,0,0,11654300000,11654300000,769100000,20786000000,46302800000,0,251100000,2000500000,8507100000,0.1635631625,6506600000,0.125100219,-251100000,6255500000,0.1202724034,1594100000,4661000000,0.0896154859,24.82,24.76,187792103,188247173,https://www.nseindia.com/companies-listing/corporate-filings-annual-reports,https://www.nseindia.com/companies-listing/corporate-filings-annual-reports
ACC.NS,2023-04-01,2023,Q1,255.12433183500843,12.547709372599993,0.0,0.0,22.084032397873546,10.010796099626843,785.7156957444979,10.010796099626843,-0.8115566389611845,313078924873.60004,308931824873.60004,33.21721818885541,6.534852979363003,0.0,0.0,166.5402015392308,166.5402015392308,6.4482911362058575,67.15412879778452,0.0,0.0,0.007526217234045101,0.0,0.0,0.0,-0.9014768473634558,1.4634170122017156,-19.14501312335958,0.0,0.0,0.0,0.04426090241728607,0.0,0.007205104029104687,0.0,0.0,0.0,0.0,53.16279339016801,1.1038365898779743,0.011552897049630438,-235.0638658597415,26141400000.0,147547400000.0,26141400000.0,0.0,,,,0.0,53.32752730749851,57.99862718569099,0.0,1.6876837262871722,1.5517608668883143,1.2534177349859035,0.0,ACC.NS,INR,0000000000,2023-03-31,2023-03-30 20:00:00,2023,Q1,47909100000,25203700000,22705400000,0.4739266653,0,2120500000,10297500000,12418000000,0,-19239500000,5964200000,0,-152400000,1682640000,4600340000,0.0960222588,2917700000,0.0609007475,395800000,3313500000,0.069162226,956900000,2356300000,0.0491827231,12.51,12.51,187787263,188353317,https://www.nseindia.com/companies-listing/corporate-filings-annual-reports,https://www.nseindia.com/companies-listing/corporate-filings-annual-reports
ACC.NS,2022-10-01,2022,Q3,208.24299728477703,-4.650000005857764,0.0,0.0,0.0,0.0,0.0,0.0,0.9436326168552404,453622704804.9,453622704804.9,-129.8736557503722,11.600149976215258,0.0,0.0,0.0,0.0,11.600149976215258,509.40225132498597,0.0,0.0,-0.0019249477390589549,0.0,0.0,0.0,0.0,0.0,-4.762979683972912,0.0,0.0,0.0,0.0,0.0,0.0,0.0,0.0,0.0,0.0,0.0,0.0,0.0,0.0,46820400000.0,0.0,46820400000.0,0.0,5479600000.0,9975750000.0,10170600000.0,0.0,0.0,0.0,0.0,0.0,0.0,0.0,0.0,ACC.NS,INR,0000000000,2022-09-30,,2022,Q3,39104900000,8491000000,30613900000,0.7828660858,0,0,9826500000,9826500000,22358100000,32184600000,40675600000,0,177200000,1734500000,890500000,0.0227720823,-844000000,-0.021582973,-339700000,-1183700000,-0.0302698639,-310500000,-873200000,-0.0223296825,-4.65,-4.65,187784946,187784946,https://www.nseindia.com/companies-listing/corporate-filings-annual-reports,https://www.nseindia.com/companies-listing/corporate-filings-annual-reports
ACC.NS,2022-07-01,2022,Q2,234.04231811056468,12.110000012039679,0.0,0.0,264.23101601142093,738.3930268646702,735.7693355898464,738.3930268646702,7.30105358811384,398316823716.3,354371523716.3,43.80573901507786,9.066522743111623,0.0,0.0,2.873740572835749,2.873740572835749,8.066235940798084,73.15075627865164,0.0,0.0,0.005707014779820298,0.0,0.008814211825343402,0.005937514428252401,-9.071360746428866,1.5244113278707674,21.489919354838708,0.0,0.0,0.0,0.0,0.0,0.002558812594315208,0.0,0.0,0.0,0.0,448.5461405418358,0.01705285946020283,0.011076191450692628,4.633145790282821,31424300000.0,138113200000.0,24227500000.0,0.008814211825343402,5479600000.0,9975750000.0,10170600000.0,22.450885103806506,214.15358744394618,218.33651369144164,4.008750638732754,0.4202591283863369,0.41220773602344013,0.016400479922542868,0.0,ACC.NS,INR,0000000000,2022-06-30,,2022,Q2,43932700000,8384800000,35547900000,0.8091444414,0,0,10779000000,10779000000,9034100000,19813100000,28197900000,0,148800000,1646700000,4844400000,0.1102686609,3197700000,0.07278633,-148800000,3048900000,0.0693993312,775400000,2273200000,0.0517427793,12.11,12.07,187712634,188334714,https://www.nseindia.com/companies-listing/corporate-filings-annual-reports,https://www.nseindia.com/companies-listing/corporate-filings-annual-reports
ACC.NS,2022-04-01,2022,Q1,230.10079428075053,21.09999994942091,0.0,0.0,0.0,0.0,0.0,0.0,0.56329136147176,404076550020.75,404076550020.75,25.489928971054855,9.34959832157335,0.0,0.0,0.0,0.0,9.34959832157335,57.99281685789428,0.0,0.0,0.009807795081888539,0.0,0.0,0.0,0.0,0.0,51.31001890359168,0.0,0.0,0.0,0.0,0.0,0.0,0.0,0.0,0.0,0.0,0.0,0.0,0.0,0.0,73667700000.0,0.0,73667700000.0,0.0,2977600000.0,9524450000.0,6369550000.0,0.0,0.0,0.0,0.0,0.0,0.0,0.0,0.0,ACC.NS,INR,0000000000,2022-03-31,,2022,Q1,43218600000,9005900000,34212700000,0.7916198118,0,0,10481600000,10481600000,8518600000,19000200000,28006100000,0,105800000,1539100000,6967700000,0.1612199377,5428600000,0.1256079558,-105800000,5322800000,0.1231599358,1359500000,3963100000,0.0916989444,21.1,21.05,187824645,188270784,https://www.nseindia.com/companies-listing/corporate-filings-annual-reports,https://www.nseindia.com/companies-listing/corporate-filings-annual-reports
ACC.NS,2022-01-01,2021,Q4,220.38431730534958,14.957659638739894,0.2226523887679668,0.2226523887679668,409.4172606917877,762.1758803767336,759.4928658259579,762.1758803767336,7.375227212634614,415977347076.75,343567247076.75,37.03370135293882,10.054027560091797,9951.611174084928,9951.611174084928,2.9071373905256404,2.9071373905256404,8.303900669420798,58.326641157943435,8219.312131022727,8219.312131022727,0.006750607983183976,0.00010048624112285538,0.008776398908925467,0.005968960265870172,-12.292900312372675,1.726491998055291,33.27639751552795,0.014885509775292903,0.0,0.0,0.009508340946773592,0.0,0.002553372714465246,0.0,0.0,0.0,0.0010102914376592176,506.4664515833922,0.02172078461109849,0.013381386430003736,108.83307355712104,43633400000.0,142584600000.0,36427200000.0,0.008776398908925467,2977600000.0,9524450000.0,6369550000.0,12.954159838740084,83.04798120473757,55.53898321505559,6.947575228371843,1.0837108704439626,1.620483393646333,0.01962494487669502,0.0,ACC.NS,INR,0000000000,2021-12-31,,2021,Q4,41374200000,20643500000,20730700000,0.5010537968,0,393400000,10455000000,10848400000,-35176000000,-16766400000,3877100000,0,128800000,1604400000,5890400000,0.1423689159,4286000000,0.1035911268,-446700000,3839300000,0.0927945435,1030800000,2808100000,0.0678707987,14.95,14.95,187736589,187813934,https://www.nseindia.com/companies-listing/corporate-filings-annual-reports,https://www.nseindia.com/companies-listing/corporate-filings-annual-reports
ACC.NS,2021-10-01,2021,Q3,194.5083426152461,23.968935144104684,0.0,0.0,0.0,0.0,0.0,0.0,0.9120323841456124,423445325751.0,423445325751.0,23.514811843388348,11.590762481893083,0.0,0.0,0.0,0.0,11.590762481893083,54.454717114106046,0.0,0.0,0.010631596870305914,0.0,0.0,0.0,0.0,0.0,36.607122008172794,0.0,0.0,0.0,0.0,0.0,0.0,0.0,0.0,0.0,0.0,0.0,0.0,0.0,0.0,58472000000.0,0.0,58472000000.0,0.0,4455200000.0,6754800000.0,6588350000.0,0.0,0.0,0.0,0.0,0.0,0.0,0.0,0.0,ACC.NS,INR,0000000000,2021-09-30,,2021,Q3,36533000000,6241600000,30291400000,0.8291517258,0,0,8601700000,8601700000,633100000,24674100000,30915700000,0,171300000,1505300000,7776100000,0.2128513946,6270800000,0.1716475515,-171300000,6099500000,0.1669586401,1597400000,4501900000,0.1232283141,23.97,23.91,187822278,188293601,https://www.nseindia.com/companies-listing/corporate-filings-annual-reports,https://www.nseindia.com/companies-listing/corporate-filings-annual-reports
ACC.NS,2021-07-01,2021,Q2,202.89299295545348,30.32000001277932,0.0,0.0,325.1681824980513,723.1933942846517,720.7962069702348,723.1933942846517,5.987643569662173,378386350764.0,322478650764.0,16.6127968267711,9.930357725278187,0.0,0.0,2.785976774570713,2.785976774570713,8.463118065399957,35.12265433360562,0.0,0.0,0.015048640069872603,0.0,0.007294309599155341,0.005181479935690444,-6.089168436529979,1.8991429553748587,57.67339312406577,0.0,0.0,0.0,0.0,0.0,0.00252667099720607,0.0,0.0,0.0,0.0,702.3977034336976,0.0423582036648471,0.029856787881107672,101.11503288305224,43412600000.0,135368000000.0,36345700000.0,0.007294309599155341,4455200000.0,6754800000.0,6588350000.0,21.045979424732312,242.01596369354485,236.05227014868927,4.2763512300233435,0.37187629537514066,0.3812714867910782,0.04192516172353926,0.0,ACC.NS,INR,0000000000,2021-06-30,,2021,Q2,38104000000,5023900000,33080100000,0.8681529498,0,0,9199500000,9199500000,455500000,25851600000,30875500000,0,133800000,1464800000,9181500000,0.2409589544,7716700000,0.2025167961,-133800000,7582900000,0.1990053538,1888400000,5694200000,0.1494383792,30.32,30.24,187803430,188300265,https://www.nseindia.com/companies-listing/corporate-filings-annual-reports,https://www.nseindia.com/companies-listing/corporate-filings-annual-reports
ACC.NS,2021-04-01,2021,Q1,224.3807330247072,29.960000042178432,0.0,0.0,0.0,0.0,0.0,0.0,0.598060331111975,357380290718.5,357380290718.5,15.881592100471941,8.48223452318621,0.0,0.0,0.0,0.0,8.48223452318621,39.33004178838302,0.0,0.0,0.0157414948336679,0.0,0.0,0.0,0.0,0.0,68.16028495102404,0.0,0.0,0.0,0.0,0.0,0.0,0.0,0.0,0.0,0.0,0.0,0.0,0.0,0.0,58495300000.0,0.0,58495300000.0,0.0,3752450000.0,7111150000.0,4506350000.0,0.0,0.0,0.0,0.0,0.0,0.0,0.0,0.0,ACC.NS,INR,0000000000,2021-03-31,,2021,Q1,42132800000,7459700000,34673100000,0.8229479171,0,0,10837400000,10837400000,-7609500000,19453800000,26913500000,0,112300000,1432300000,9086700000,0.2156680781,7654400000,0.1816731857,-112300000,7542100000,0.1790078039,1916200000,5625700000,0.1335230509,29.96,29.88,187773698,188276439,https://www.nseindia.com/companies-listing/corporate-filings-annual-reports,https://www.nseindia.com/companies-listing/corporate-filings-annual-reports
ACC.NS,2021-01-01,2020,Q4,216.5767200796668,25.16353233268885,0.1416853562612767,0.1416853562612767,325.24299651148283,676.4213376910777,673.6020121621644,676.4213376910777,6.384896110917007,303697510705.7,246228710705.7,16.071372439021424,7.469177663254641,11417.199650590226,11417.199650590226,2.391482807922275,2.391482807922275,6.055782221531674,53.093994890827155,9256.718447582707,9256.718447582707,0.015555609886371493,8.75871518939676e-05,0.008069844154678313,0.0056306980735957735,-12.391926858720028,1.7585705186646852,17.618171362852213,0.005630582955844376,0.0,0.0,0.006342827489356888,0.0,0.003086224734522586,0.0,0.0,0.0,0.0006542039985145142,618.8504500555661,0.0391254788054644,0.026037171393833575,86.38292508650983,36443700000.0,126462000000.0,29507700000.0,0.008069844154678313,3752450000.0,7111150000.0,4506350000.0,16.611887329347443,74.92256093278078,47.47857694739061,5.417807032738611,1.2012403057170782,1.8955917760493526,0.037200973610003206,0.0,ACC.NS,INR,0000000000,2020-12-31,,2020,Q4,40660100000,17084400000,23575700000,0.5798239552,0,257900000,10705200000,10963100000,-9032400000,11528500000,28612900000,0,173900000,1573800000,4637600000,0.1140577618,3063800000,0.0753515117,-173900000,2889900000,0.0710745916,-1834500000,4724200000,0.1161876139,25.16,25.16,187739938,187739938,https://www.nseindia.com/companies-listing/corporate-filings-annual-reports,https://www.nseindia.com/companies-listing/corporate-filings-annual-reports
ACC.NS,2020-10-01,2020,Q3,184.69698226916427,19.380000008309366,0.0,0.0,0.0,0.0,0.0,0.0,0.853308047859268,261606216606.1,261606216606.1,17.97536118940331,7.544519584891132,0.0,0.0,0.0,0.0,7.544519584891132,36.45927231002188,0.0,0.0,0.013907926375764733,0.0,0.0,0.0,0.0,0.0,34.74968789013733,0.0,0.0,0.0,0.0,0.0,0.0,0.0,0.0,0.0,0.0,0.0,0.0,0.0,0.0,48308800000.0,0.0,48308800000.0,0.0,3704000000.0,7449450000.0,6248300000.0,0.0,0.0,0.0,0.0,0.0,0.0,0.0,0.0,ACC.NS,INR,0000000000,2020-09-30,,2020,Q3,34675000000,6800900000,27874100000,0.8038673396,0,0,8599900000,8599900000,-5846500000,16466700000,23267600000,0,160200000,1608400000,7175300000,0.2069300649,5566900000,0.1605450613,-160200000,5406700000,0.155925018,1768200000,3638400000,0.1049286229,19.38,19.33,187739938,188225556,https://www.nseindia.com/companies-listing/corporate-filings-annual-reports,https://www.nseindia.com/companies-listing/corporate-filings-annual-reports
ACC.NS,2020-07-01,2020,Q2,134.23862745879646,14.429999980612283,0.0,0.0,273.16332976734293,632.3601814920305,629.5622784247723,632.3601814920305,5.843478878905115,250126937273.0,204374937273.0,23.081254362265614,9.92449062702853,0.0,0.0,2.1067898311633177,2.1067898311633177,8.10915118331151,35.307063535112725,0.0,0.0,0.010831300417048065,0.0,0.008139873757835387,0.005546621118254835,-7.903947482076531,1.7102112999339825,31.84238714613619,0.0,0.0,0.0,0.0,0.0,0.003199179026609318,0.0,0.0,0.0,0.0,453.1131664938402,0.02337150853688966,0.015599269439204767,40.55547979196001,32488900000.0,118198900000.0,22758400000.0,0.008139873757835387,3704000000.0,7449450000.0,6248300000.0,26.453993572193788,268.4916503143647,225.2000320371631,3.40213282937365,0.33520595480203236,0.39964470335931374,0.022819273576911867,0.0,ACC.NS,INR,0000000000,2020-06-30,,2020,Q2,25203000000,4994200000,20208800000,0.8018410507,0,0,6006900000,6006900000,-4059400000,12009700000,17003900000,0,130700000,1626700000,5788500000,0.2296750387,4161800000,0.1651311352,-130700000,4031100000,0.1599452446,1321600000,2709200000,0.1074951395,14.43,14.39,187747748,188269632,https://www.nseindia.com/companies-listing/corporate-filings-annual-reports,https://www.nseindia.com/companies-listing/corporate-filings-annual-reports
ACC.NS,2020-04-01,2020,Q1,182.8109718192751,17.199999970179565,0.0,0.0,0.0,0.0,0.0,0.0,0.5644582033557382,181875291013.0,181875291013.0,14.077034908126937,5.2978220637514495,0.0,0.0,0.0,0.0,5.2978220637514495,28.213904257170782,0.0,0.0,0.017759421755477095,0.0,0.0,0.0,0.0,0.0,45.91320754716981,0.0,0.0,0.0,0.0,0.0,0.0,0.0,0.0,0.0,0.0,0.0,0.0,0.0,0.0,44928100000.0,0.0,44928100000.0,0.0,0.0,7374900000.0,5709650000.0,0.0,0.0,0.0,0.0,0.0,0.0,0.0,0.0,ACC.NS,INR,0000000000,2020-03-31,,2020,Q1,34330200000,4754800000,29575400000,0.8614980396,0,0,9414700000,9414700000,-6784400000,17946500000,22701300000,0,106000000,1579500000,6446300000,0.1877734473,4866800000,0.141764394,-106000000,4760800000,0.1386767336,1530600000,3230000000,0.0940862564,17.2,17.16,187790698,188228438,https://www.nseindia.com/companies-listing/corporate-filings-annual-reports,https://www.nseindia.com/companies-listing/corporate-filings-annual-reports
ACC.NS,2020-01-01,2019,Q4,211.450479971928,14.55470811969694,0.03355705806188133,0.03355705806188133,259.57822570496427,614.880889115879,612.3944709090082,614.880889115879,1.5585389188740437,271406241369.7,226480941369.7,24.831312110677036,6.836825341762873,43080.35577296825,43080.35577296826,2.3511057598141685,2.3511057598141685,5.705140130780877,37.535374286469555,35949.35577296826,35949.35577296826,0.010067933538337038,2.321243597128027e-05,0.0,0.0,-7.4456064171832015,1.6037039480825759,15.125427204374573,0.0023055809698078683,0.0,0.0,0.005176622323207642,0.0,0.0029085001266341347,0.0,0.0,0.0,0.00015869937049249705,448.7335145304845,0.025349315821923814,0.015992494501391185,-7.710932556076587,28363400000.0,114970900000.0,19455200000.0,0.0,0.0,7374900000.0,5709650000.0,0.0,65.94512694919548,51.05473892330391,0.0,1.3647710477430202,1.7628138327217955,0.023670776531410448,0.0,ACC.NS,INR,0000000000,2019-12-31,,2019,Q4,39697700000,20130100000,19567600000,0.4929152067,0,205500000,10960400000,11165900000,-10017400000,8142400000,28272500000,0,292600000,1608100000,6033800000,0.1519936923,4425700000,0.1114850483,-292600000,4133100000,0.1041143442,1400300000,2732500000,0.0688327032,14.55,14.55,187739938,187739938,https://www.nseindia.com/companies-listing/corporate-filings-annual-reports,https://www.nseindia.com/companies-listing/corporate-filings-annual-reports
ACC.NS,2019-10-01,2019,Q3,184.48407571786285,16.11000003663663,0.0,0.0,0.0,0.0,0.0,0.0,0.8658599166883008,301994797264.8,301994797264.8,24.95577275516478,8.71701253207021,0.0,0.0,0.0,0.0,8.71701253207021,49.43036210243064,0.0,0.0,0.010017722250186009,0.0,0.0,0.0,0.0,0.0,28.274907749077492,0.0,0.0,0.0,0.0,0.0,0.0,0.0,0.0,0.0,0.0,0.0,0.0,0.0,0.0,30563700000.0,0.0,30563700000.0,0.0,6251950000.0,8272650000.0,8062400000.0,0.0,0.0,0.0,0.0,0.0,0.0,0.0,0.0,ACC.NS,INR,0000000000,2019-09-30,,2019,Q3,34644300000,3984500000,30659800000,0.8849882953,0,0,9510200000,9510200000,-7336700000,18756100000,22740600000,0,162600000,1512000000,6109500000,0.1763493562,4597500000,0.1327058131,-162600000,4434900000,0.1280124003,1409300000,3025300000,0.0873246104,16.11,16.07,187790192,188257623,https://www.nseindia.com/companies-listing/corporate-filings-annual-reports,https://www.nseindia.com/companies-listing/corporate-filings-annual-reports
ACC.NS,2019-07-01,2019,Q2,216.13144749938255,24.259999984878764,30.0123258306481,22.70514823885466,188.53838632792358,585.2386898292341,582.6611580074713,585.2386898292341,1.059018961678603,293499022441.8,264743222441.8,16.103668600309454,7.230322186244851,52.06860703891853,68.8258003674161,2.670192567849501,2.670192567849501,6.521925623307581,31.54033005811432,46.967143879576525,62.082537872912205,0.015524412865475628,0.014529435105173521,0.0,0.0,-3.425838118611356,1.5325148514851485,34.81749622926093,1.237111535422702,0.00223936009916466,0.1442476516548152,0.0,0.0,0.003121988472098478,-0.243472553011252,-0.033808951341124535,-0.905217333948948,3.87999842336572e-05,565.2013257629293,0.04268270926478513,0.0277025387913974,-11.673567611896907,24875100000.0,109432700000.0,16544400000.0,0.0,6251950000.0,8272650000.0,8062400000.0,27.722921306241503,226.49970339047505,220.74319699435682,3.2464111197306442,0.39735151372293037,0.4077135840444533,0.04145317185362019,-7.307177591793437,ACC.NS,INR,0000000000,2019-06-30,,2019,Q2,40592800000,6574300000,34018500000,0.8380427071,0,0,10397500000,10397500000,-7631100000,19490900000,26065200000,0,198900000,1468600000,8393800000,0.2067805128,6925200000,0.1706016831,-198900000,6726300000,0.1657017993,2169500000,4556400000,0.1122465068,24.26,24.2,187815334,188280992,https://www.nseindia.com/companies-listing/corporate-filings-annual-reports,https://www.nseindia.com/companies-listing/corporate-filings-annual-reports
ACC.NS,2019-04-01,2019,Q1,204.9688871516742,18.421818529471082,30.0123258306481,22.70514823885466,0.0,0.0,0.0,0.0,1.1106654369339193,309313073564.60004,309313073564.60004,22.34985646728229,8.034877989952282,54.87412102924101,72.53421042112855,0.0,0.0,8.034877989952282,44.72944724152592,54.87412102924102,72.53421042112855,0.011185754162044497,0.013786597995539898,0.0,0.0,0.0,0.0,26.076222435282837,1.6291728084626724,0.002124869771670784,0.18996213763403566,0.0,0.0,0.0,-0.243472553011252,-0.0356501793678873,-0.905217333948948,4.0913022809984336e-05,0.0,0.0,0.0,0.0,29336600000.0,0.0,29336600000.0,0.0,8743150000.0,9631300000.0,8396950000.0,0.0,0.0,0.0,0.0,0.0,0.0,0.0,-7.307177591793437,ACC.NS,INR,0000000000,2019-03-31,,2019,Q1,38496300000,7115200000,31381100000,0.8151718477,0,0,10568800000,10568800000,-6354900000,19618900000,26734100000,0,208600000,1475700000,6915200000,0.1796328478,5439500000,0.1412992937,-208600000,5230900000,0.1358805911,1770700000,3459900000,0.0898761699,14.55,14.52,187815334,187815334,https://www.nseindia.com/companies-listing/corporate-filings-annual-reports,https://www.nseindia.com/companies-listing/corporate-filings-annual-reports
